% Encoding: UTF-8

@Article{Abb83,
  author       = {R Abbott},
  date         = {1983},
  journaltitle = {“ CACM},
  title        = {Program Design by Informal English Descriptions},
  number       = {11},
  pages        = {892-894},
  volume       = {26},
}

@Misc{For98,
  author = {Acm/Ieee-Cs Joint Task Force},
  date   = {1998},
}

@Misc{Ada93,
  author    = {D Adams},
  date      = {1993},
  title     = {Mostly Harmless},
  publisher = {Macmillan},
}

@Misc{Aka04,
  author    = {Y Akao},
  date      = {2004},
  title     = {Quality Function Deployment},
  publisher = {Productivity Press},
}

@Misc{Ale77,
  author    = {C Alexander},
  date      = {1977},
  title     = {A Pattern Language},
  publisher = {Oxford University Press},
}

@Misc{Ale79,
  author    = {C Alexander},
  date      = {1979},
  title     = {The Timeless Way of Building},
  publisher = {Oxford University Press},
}

@Misc{Amb95,
  author = {S Ambler},
  date   = {1995},
  title  = {Using Use-Cases,” Software Development},
  pages  = {53-61},
}

@InProceedings{Amb98,
  author    = {S Ambler},
  booktitle = {Process Patterns: Building Large-Scale Systems Using Object Technology},
  date      = {1998},
  publisher = {Cambridge University Press/SIGS Books},
}

@Misc{Amb01,
  author    = {S Ambler},
  date      = {2001},
  title     = {The Object Primer},
  publisher = {Cambridge University Press},
}

@Misc{Amb02,
  author = {S Ambler},
  date   = {2002},
  title  = {What Is Agile Modeling (AM},
}

@Article{Amb02a,
  author    = {S Ambler and R Jeffries},
  date      = {2002},
  booktitle = {Agile Modeling},
  publisher = {Wiley},
}

@Misc{Amb02b,
  author = {S Ambler},
  date   = {2002},
  title  = {UML Component Diagramming Guidelines},
}

@Article{Amb04,
  author    = {S Ambler},
  date      = {2004},
  title     = {Examining the Cost of Change Curve},
  booktitle = {The Object Primer},
  publisher = {Cambridge University Press},
}

@Article{Amb06,
  author    = {S Ambler},
  date      = {2006},
  booktitle = {The Agile Unified Process (AUP)},
}

@Article{And06,
  author    = {M Andrews and J Whittaker},
  date      = {2006},
  booktitle = {How to Break Web Software: Functional and SecurityTesting of Web Applications and Web Services},
  location  = {Addison-Wesley},
}

@Article{Ant06,
  author    = {D Anton and C Anton},
  date      = {2006},
  booktitle = {ISO 9001 Survival Guide},
  publisher = {AEM Consulting Group},
}

@Article{App00,
  author       = {B Appleton},
  date = {2000},
  title        = {Patterns and Software: Essential Concepts and Terminology},
}

@Article{Arl02,
  author    = {J Arlow and I Neustadt},
  date      = {2002},
  booktitle = {UML and the Unified Process},
  publisher = {Addison-Wesley},
}

@InProceedings{Arn89,
  author    = {R Arnold},
  booktitle = {Proc. IEEE},
  date      = {1989},
  title     = {Software Restructuring},
  number    = {4},
  pages     = {607-617},
  volume    = {77},
}

@Article{Art97,
  author       = {L Arthur},
  date         = {1997},
  journaltitle = {CACM},
  title        = {Quantum Improvements in Software System Quality},
  number       = {6},
  pages        = {47-52},
  volume       = {40},
}

@Misc{Ast04,
  author    = {D Astels},
  date      = {2004},
  title     = {Test Driven Development: A Practical Guide},
  publisher = {Prentice Hall},
}

@Article{Ave04,
  author    = {L Aversan},
  date      = {2004},
  title     = {Managing Coordination and Cooperation in Distributed SoftwareProcesses: The GENESIS Environment},
  pages     = {239-263},
  volume    = {9},
  booktitle = {Software Process Improvement and Practice},
  publisher = {Wiley Interscience},
}

@Misc{Baa07,
  author = {B De Baar},
  date   = {2007},
  title  = {Project Risk Checklist},
}

@Misc{Bab86,
  author    = {W Babich},
  date      = {1986},
  title     = {Software Configuration Management},
  publisher = {Addison-Wesley},
}

@Article{Bac97,
  author       = {J Bach},
  date         = {1997},
  journaltitle = {IEEE Computer},
  title        = {Good Enough Quality: Beyond the Buzzword},
  number       = {8},
  pages        = {96-98},
  volume       = {30},
}

@Article{Bac98,
  author       = {J Bach},
  date         = {1998},
  journaltitle = {Computer},
  title        = {The Highs and Lows of Change Control},
  number       = {8},
  pages        = {113-115},
  volume       = {31},
}

@Misc{Bae98,
  author    = {Jr Baetjer and H null},
  date      = {1998},
  title     = {Software as Capital},
  pages     = {85},
  publisher = {IEEE Computer Society Press},
}

@Article{Bak72,
  author       = {F Baker},
  date         = {1972},
  journaltitle = {” IBMSystems Journal},
  title        = {Chief Programmer Team Management of Production Programming},
  number       = {1},
  pages        = {56-73},
  volume       = {11},
}

@Article{Ban06,
  author       = {E Baniassad},
  date         = {2006},
  journaltitle = {IEEE Software},
  title        = {Discovering Early Aspects},
  number       = {1},
  pages        = {61-69},
  volume       = {23},
}

@Article{Bar06,
  author       = {L Baresi and E Dinitto and C Ghezzi},
  date         = {2006},
  journaltitle = {IEEE Computer},
  title        = {Toward Open-World Software: Issues andChallenges},
  number       = {10},
  pages        = {36-43},
  volume       = {39},
}

@Article{Bas84,
  author       = {V Basili and D Weiss},
  date         = {1984},
  journaltitle = {IEEE Trans. Software Engineering},
  title        = {A Methodology for Collecting Valid Software EngineeringData},
  pages        = {728-738},
  volume       = {10},
}

@Article{Bas03,
  author    = {L Bass and P Clements and R Kazman},
  date      = {2003},
  booktitle = {Software Architecture in Practice},
  publisher = {Addison-Wesley},
}

@Misc{Bec99,
  author    = {K Beck},
  date      = {1999},
  title     = {Extreme Programming Explained: Embrace Change},
  publisher = {Addison-Wesley},
}

@Misc{Bec,
  author = {K Beck},
  title  = {Manifesto for Agile Software Development},
}

@Misc{Bec04,
  author    = {K Beck},
  date      = {2004},
  title     = {Extreme Programming Explained: Embrace Change},
  publisher = {Addison-Wesley},
}

@Misc{Bec02,
  author    = {K Beck},
  date      = {2002},
  title     = {Test-Driven Development: By Example},
  publisher = {Addison-Wesley},
}

@Article{Bee99,
  author    = {M Beedle},
  date      = {1999},
  title     = {SCRUM: An Extension Pattern Language for Hyperproductive Soft-ware Development},
  volume    = {4},
  booktitle = {Pattern Languages of Program Design},
  location  = {Reading MA},
  publisher = {Addison-WesleyLongman},
}

@Misc{Bei84,
  author    = {B Beizer},
  date      = {1984},
  title     = {Software System Testing and Quality Assurance},
  publisher = {Van Nostrand-Reinhold},
}

@Misc{Bei90,
  author    = {B Beizer},
  date      = {1990},
  title     = {Software Testing Techniques},
  publisher = {Van Nostrand-Reinhold},
}

@Misc{Bei95,
  author    = {B Beizer},
  date      = {1995},
  title     = {Black-Box Testing},
  publisher = {Wiley},
}

@Misc{Bel81,
  author    = {L Belady},
  date      = {1981},
  title     = {Foreword to Software Design: Methods and Techniques (L. J. Peters, author)},
  publisher = {Yourdon Press},
}

@Article{Bel95,
  author       = {R Bellinzona and M Gugini and B Pernici},
  date         = {1995},
  journaltitle = {IEEE Software},
  title        = {Reusing Specifications in OO Applications},
  pages        = {65-75},
}

@Misc{Ben99,
  author    = {J Bentley},
  date      = {1999},
  title     = {Programming Pearls},
  publisher = {Addison-Wesley},
}

@Article{Ben00,
  author    = {E Bennatan},
  date      = {2000},
  booktitle = {Software Project Management: A Practitioner’s Approach},
  publisher = {McGraw-Hill},
}

@Article{Ben02,
  author    = {S Bennett and S Mcrobb and R Farmer},
  date      = {2002},
  booktitle = {Object-Oriented Analysis and Design},
  publisher = {McGraw-Hill},
}

@Article{Ber80,
  author    = {E Bersoff and V Henderson and S Siegel},
  date      = {1980},
  booktitle = {Software Configuration Management},
  publisher = {Prentice Hall},
}

@Article{Ber93,
  author    = {E Berard},
  date      = {1993},
  volume    = {1},
  booktitle = {Essays on Object-Oriented Software Engineering},
  publisher = {Addison-Wesley},
}

@TechReport{Bes04,
  author = {J Bessin},
  date   = {2004},
  title  = {The Business Value of Quality},
}

@Article{Bha06,
  author       = {J Bhat and M Gupta and S Murthy},
  date         = {2006-09},
  journaltitle = {IEEE Software},
  title        = {Lessons from Offshore Outsourcing},
  number       = {5},
  volume       = {23},
}

@Article{Bie94,
  author       = {J Bieman and L Ott},
  date         = {1994},
  journaltitle = {IEEE Trans. SoftwareEngineering},
  title        = {Measuring Functional Cohesion},
  number       = {8},
  pages        = {308-320},
  volume       = {20},
}

@Article{Bin93,
  author       = {R Binder},
  date         = {1993},
  journaltitle = {American Programmer},
  title        = {Design for Reuse Is for Real},
  number       = {8},
  pages        = {30-37},
  volume       = {6},
}

@Article{Bin94,
  author       = {R Binder},
  date         = {1994},
  journaltitle = {American Programmer},
  title        = {Testing Object-Oriented Systems: A Status Report},
  number       = {4},
  pages        = {23-28},
  volume       = {7},
}

@Article{Bin94a,
  author       = {R Binder},
  date         = {1994},
  journaltitle = {Communications of the ACM},
  title        = {Object-Oriented Software Testing},
  number       = {9},
  pages        = {29},
  volume       = {37},
}

@Misc{Bin99,
  author    = {R Binder},
  date      = {1999},
  title     = {Testing Object-Oriented Systems: Models, Patterns, and Tools},
  publisher = {Addison-Wesley},
}

@Misc{Bir98,
  author = {M Biró and T Remzsö},
  date   = {1998},
  title  = {Business Motivations for Software Process Improvement},
  number = {32},
}

@Misc{Boe81,
  author    = {B Boehm},
  date      = {1981},
  title     = {Software Engineering Economics},
  publisher = {Prentice Hall},
}

@Article{Boe88,
  author       = {B Boehm},
  date         = {1988},
  journaltitle = {Computer},
  title        = {A Spiral Model for Software Development and Enhancement},
  number       = {5},
  pages        = {61-72},
  volume       = {21},
}

@Misc{Boe89,
  author    = {B Boehm},
  date      = {1989},
  title     = {Software Risk Management},
  publisher = {IEEE Computer Society Press},
}

@Article{Boe96,
  author       = {B Boehm},
  date         = {1996},
  journaltitle = {IEEE Software},
  title        = {Anchoring the Software Process},
  number       = {4},
  pages        = {73-82},
  volume       = {13},
}

@Article{Boe98,
  author       = {B Boehm},
  date         = {1998},
  journaltitle = {Computer},
  title        = {Using the WINWIN Spiral Model: A Case Study},
  number       = {7},
  pages        = {33-44},
  volume       = {31},
}

@Misc{Boe00,
  author    = {B Boehm},
  date      = {2000},
  title     = {Software Cost Estimation in COCOMO II},
  publisher = {Prentice Hall},
}

@Article{Boe01,
  author       = {B Boehm},
  date         = {2001},
  journaltitle = {CrossTalk},
  title        = {The Spiral Model as a Tool for Evolutionary Software Acquisition},
}

@Article{Boe01a,
  author       = {B Boehm and V Basili},
  date         = {2001},
  journaltitle = {IEEE Computer},
  title        = {Software Defect Reduction Top 10 List},
  number       = {1},
  pages        = {135-137},
  volume       = {34},
}

@Article{Boe08,
  author       = {B Boehm},
  date         = {2008},
  journaltitle = {IEEE Computer},
  title        = {Making a Difference in the Software Century},
  number       = {3},
  pages        = {32-38},
  volume       = {41},
}

@Article{Boh66,
  author       = {C Bohm and G Jacopini},
  date         = {1966},
  journaltitle = {CACM},
  title        = {Flow Diagrams, Turing Machines and Languages with OnlyTwo Formation Rules},
  number       = {5},
  pages        = {366-371},
  volume       = {9},
}

@Misc{Boh00,
  author    = {M Bohl and M Rynn},
  date      = {2000},
  title     = {Tools for Structured Design: An Introduction to Programming Logic},
  publisher = {Prentice Hall},
}

@Misc{Boi04,
  author    = {B Boi04] Boiko},
  date      = {2004},
  title     = {Content Management Bible},
  publisher = {Wiley},
}

@Misc{Bol02,
  author = {C Boldyreff},
  date   = {2002},
  title  = {Environments to Support Collaborative Software Engineering},
}

@Misc{Boo94,
  author   = {G Booch},
  date     = {1994},
  title    = {Object-Oriented Analysis and Design},
  location = {Benjamin Cummings},
}

@Misc{Boo05,
  author    = {G Booch and J Rumbaugh and I Jacobsen},
  date      = {2005},
  title     = {The Unified Modeling Language User Guide},
  publisher = {Addison-Wesley},
}

@Misc{Boo08,
  author = {G Booch},
  date   = {2008},
  title  = {Handbook of Software Architecture},
}

@Misc{Bor01,
  author    = {J Borchers},
  date      = {2001},
  title     = {A Pattern Approach to Interaction Design},
  publisher = {Wiley},
}

@Misc{Bos00,
  author    = {J Bosch},
  date      = {2000},
  title     = {Design & Use of Software Architectures},
  publisher = {Addison-Wesley},
}

@Article{Bra85,
  author       = {J Bradley},
  date         = {1985},
  journaltitle = {Computerworld},
  title        = {The Science and Art of Debugging},
  pages        = {35-38},
}

@Article{Bra94,
  author       = {M Bradac and D Perry and L Votta},
  date         = {1994},
  journaltitle = {IEEETrans. Software Engineering},
  title        = {Prototyping a Process Monitoring Experiment},
  number       = {10},
  pages        = {774-784},
  volume       = {20},
}

@Misc{Bre02,
  author = {P Breen},
  date   = {2002-02},
  title  = {Exposing the Fallacy of},
}

@Misc{Bro95,
  author    = {F Brooks},
  date      = {1995},
  title     = {The Mythical Man-Month},
  publisher = {Addison-Wesley},
}

@Misc{Bro96,
  author    = {A Brown and K Wallnau},
  date      = {1996},
  title     = {Engineering of Component Based Systems,”Component-Based Software Engineering},
  pages     = {7-15},
  publisher = {IEEE Computer Society Press},
}

@Misc{Bro01,
  author    = {B Brown},
  date      = {2001},
  title     = {Oracle9i Web Development},
  publisher = {McGraw-Hill},
}

@Article{Bro06,
  author       = {M Broy},
  date         = {2006},
  journaltitle = {Informatics: Engineering Software IntensiveSystems},
  title        = {The ‘Grand Challenge},
  number       = {10},
  pages        = {72-80},
  volume       = {39},
}

@Misc{Buc99,
  author = {C Bucanac and null The},
  date   = {1999},
}

@Misc{Bud96,
  author    = {T Budd},
  date      = {1996},
  title     = {An Introduction to Object-Oriented Programming},
  publisher = {Addison-Wesley},
}

@Article{Bus96,
  author    = {F Buschmann},
  date      = {1996},
  booktitle = {Pattern-Oriented Software Architecture},
  publisher = {Wiley},
}

@Misc{Bus07,
  author    = {F Buschmann},
  date      = {2007},
  title     = {Pattern-Oriented Software Architecture, A System of Patterns},
  publisher = {Wiley},
}

@InProceedings{Cac02,
  author    = {C Cachero},
  booktitle = {Proc. 2nd Intl. Workshop on Web-Oriented Technology},
  date      = {2002},
  title     = {Conceptual Navigation Analysis: A Device and Platform Indepen-dent Navigation Specification},
}

@Misc{Cai03,
  author = {Frarber Caine and Gordon Inc},
  date   = {2003},
}

@Article{Car90,
  author    = {D Card and R Glass},
  date      = {1990},
  booktitle = {Measuring Software Design Quality},
  publisher = {Prentice Hall},
}

@Article{Cas89,
  author       = {M Cashman},
  date         = {1989},
  journaltitle = {ACM Software Engineering Notes},
  title        = {Object Oriented Domain Analysis},
  number       = {6},
  pages        = {67},
  volume       = {14},
}

@InProceedings{Cav78,
  author    = {J Cavano and J Mccall},
  booktitle = {Proc. ACM Software Quality Assurance Workshop},
  date      = {1978},
  title     = {A Framework for the Measurement of Software Quality},
  pages     = {133-139},
}

@InProceedings{Cec06,
  author    = {A Cechich},
  booktitle = {Proc. Fifth Intl. Conf. onCOTS-Based Software Systems},
  date      = {2006},
  title     = {Trends on COTS Component Identification},
  publisher = {IEEE},
}

@Misc{Cha89,
  author    = {R Charette},
  date      = {1989},
  title     = {Software Engineering Risk Analysis and Management},
  publisher = {McGraw-Hill/Intertext},
}

@Article{Cha92,
  author       = {R Charette},
  date         = {1992},
  journaltitle = {American Programmer},
  title        = {Building Bridges over Intelligent Rivers},
  number       = {7},
  pages        = {2-9},
  volume       = {5},
}

@Misc{Cha93,
  author    = {D De Champeaux and D Lea and P Faure},
  date      = {1993},
  title     = {Object-Oriented System Development},
  publisher = {Addison-Wesley},
}

@Misc{Cha03,
  author = {A Chakravarti},
  date   = {2003},
  title  = {Online Software Design Pattern Links},
}

@Misc{Che77,
  author = {P Chen},
  date   = {1977},
  title  = {The Entity-Relationship Approach to Logical Database Design, QED InformationSystems},
}

@Article{Chi94,
  author       = {S Chidamber and C Kemerer},
  date         = {1994},
  journaltitle = {IEEETrans. Software Engineering},
  title        = {A Metrics Suite for Object-Oriented Design},
  number       = {6},
  pages        = {476-493},
  volume       = {20},
}

@InProceedings{Cho89,
  author    = {S Choi and W Scacchi},
  booktitle = {Proc. 2nd Intl. Workshop on Software Configuration Management},
  date      = {1989},
  title     = {Assuring the Correctness of a Configured SoftwareDescription},
  location  = {Princeton, NJ},
  pages     = {66-75},
  publisher = {ACM},
}

@Article{Chu95,
  author       = {N Churcher and M Shepperd},
  date         = {1995},
  journaltitle = {ACM Software Engineering Notes},
  title        = {Towards a Conceptual Framework for Object-Oriented Metrics},
  number       = {2},
  pages        = {69-76},
  volume       = {20},
}

@Misc{Cig07,
  author = {Inc Cigital},
  date   = {2007},
  title  = {“Case Study: Finding Defects Earlier Yields Enormous Savings},
}

@Misc{Cla05,
  author    = {S Clark and E Baniasaad},
  date      = {2005},
  title     = {Aspect-Oriented Analysis and Design},
  publisher = {Addison-Wesley},
}

@Article{Cle95,
  author       = {P Clements},
  date         = {1995},
  journaltitle = {American Programmer},
  title        = {From Subroutines to Subsystems: Component Based Software Develop-ment},
  number       = {11},
  volume       = {8},
}

@Article{Cle03,
  author    = {P Clements and R Kazman and M Klein},
  date      = {2003},
  booktitle = {Evaluating Software Architectures: Methods andCase Studies},
  publisher = {Addison-Wesley},
}

@Article{Cle06,
  author       = {R Clemmons},
  date         = {2006},
  journaltitle = {CrossTalk},
  title        = {Project Estimation with Use Case Points},
  pages        = {18-222},
}

@Article{Coa91,
  author    = {P Coad and E Yourdon},
  date      = {1991},
  booktitle = {Object-Oriented Analysis},
  publisher = {Prentice Hall},
}

@Misc{Coa99,
  author    = {P Coad and E Lefebvre and J Deluca},
  date      = {1999},
  title     = {Java Modeling in Color with UML},
  publisher = {Prentice Hall},
}

@Article{Coc01,
  author       = {A Cockburn and J Highsmith},
  date         = {2001},
  journaltitle = {IEEE Computer},
  title        = {Agile Software Development: The People Factor},
  number       = {11},
  pages        = {131-133},
  volume       = {34},
}

@Misc{Coc01a,
  author    = {A Cockburn},
  date      = {2001},
  title     = {Writing Effective Use-Cases},
  publisher = {Addison-Wesley},
}

@Misc{Coc02,
  author    = {A Cockburn},
  date      = {2002},
  title     = {Agile Software Development},
  publisher = {Addison-Wesley},
}

@Article{Coc04,
  author       = {A Cockburn},
  date         = {2004},
  journaltitle = {CrossTalk},
  title        = {What the Agile Toolbox Contains},
}

@Misc{Coc05,
  author    = {A Cockburn and Crystal Clear},
  date      = {2005},
  publisher = {Addison-Wesley},
}

@Misc{Con96,
  author    = {R Conradi},
  date      = {1996},
  title     = {Software Process Improvement: Why We Need SPIQ},
  publisher = {NTNU},
}

@Article{Con02,
  author       = {R Conradi and A Fuggetta},
  date         = {2002-07},
  journaltitle = {IEEESoftware},
  title        = {Improving Software Process Improvement},
  pages        = {2-9},
}

@Misc{Con93,
  author = {L Constantine},
  date   = {1993},
  title  = {Work Organization: Paradigms for Project Management and Organi-zation, CACM},
  number = {10},
  pages  = {34-43},
  volume = {36},
}

@Article{Con95,
  author       = {L Constantine},
  date         = {1995},
  journaltitle = {WindowsTech Journal},
  title        = {What DO Users Want? Engineering Usability in Software},
}

@Article{Con99,
  author    = {L Constantine and L Lockwood},
  date      = {1999},
  booktitle = {Software for Use},
  publisher = {Addison-Wesley},
}

@Misc{Cop05,
  author = {J Coplien},
  date   = {2005},
  title  = {Software Patterns},
}

@Article{Cor98,
  author    = {R Corfman},
  date      = {1998},
  title     = {An Overview of Patterns},
  booktitle = {The Patterns Handbook, SIGS Books},
}

@Article{Cou00,
  author    = {G Coulouris and J Dollimore and T Kindberg},
  date      = {2000},
  booktitle = {Distributed Systems: Concepts and Design},
  publisher = {Addison-Wesley},
}

@Misc{Cox86,
  author    = {Brad Cox},
  date      = {1986},
  title     = {Object-Oriented Programming},
  publisher = {Addison-Wesley},
}

@Misc{Chr92,
  author = {M Christel and K Kang},
  date   = {1992},
  title  = {Issues in Requirements Elicitation,” Software Engineer-ing Institute},
}

@Misc{Cro79,
  author    = {P Crosby},
  date      = {1979},
  title     = {Quality Is Free},
  publisher = {McGraw-Hill},
}

@Misc{Cro07,
  author = {M Cross and M Fisher},
  date   = {2007},
  title  = {Developer’s Guide to Web Application Security, SyngressPublishing},
}

@Article{Cur94,
  author       = {P Curritt and M Dyer and H Mills},
  date         = {1994},
  journaltitle = {IEEE Trans,Software Engineering},
  title        = {Certifying the Reliability of Software},
  number       = {1},
  volume       = {12},
}

@Article{Cur88,
  author       = {B Curtis},
  date         = {1988},
  journaltitle = {IEEETrans. Software Engineering},
  title        = {A Field Study of the Software Design Process for Large Systems},
  number       = {11},
  pages        = {1268-1287},
}

@Article{Cur01,
  author       = {B Curtis and W Hefley and S Miller},
  date         = {2001},
  journaltitle = {People Capability Maturity Model},
  publisher    = {Addison-Wesley},
}

@Article{Dah72,
  author    = {O Dahl and E Dijkstra and C Hoare},
  date      = {1972},
  booktitle = {Structured Programming},
  publisher = {Academic Press},
}

@InProceedings{Dar91,
  author    = {S Dart},
  booktitle = {Proc. Third InternationalWorkshop on Software Configuration Management, ACM SIGSOFT},
  date      = {1991},
  title     = {Concepts in Configuration Management Systems},
}

@InProceedings{Dar99,
  author    = {S Dar99] Dart},
  booktitle = {Proc. Software ConfigurationManagement Symposium},
  date      = {1999},
  title     = {Change Management: Containing the Web Crisis},
  location  = {Toulouse, France},
}

@Misc{Dar01,
  author = {S Dart},
  date   = {2001},
  title  = {Spectrum of Functionality in Configuration Management Systems, SoftwareEngineering Institute},
}

@Misc{Das,
  author = {R Dasari},
  title  = {Lean Software Development},
}

@Article{Dav90,
  author       = {T Davenport and J Young},
  date         = {1990},
  journaltitle = {Sloan Management Review},
  title        = {The New Industrial Engineering: InformationTechnology and Business Process Redesign},
  pages        = {11-27},
  location     = {Summer},
}

@Article{Dav93,
  author       = {A Davis},
  date         = {1993},
  journaltitle = {IEEE},
  title        = {Identifying and Measuring Quality in a Software RequirementsSpecification},
  pages        = {141-152},
  location     = {Baltimore, MD},
}

@Article{Dav95,
  author    = {M Davis},
  date      = {1995-04},
  title     = {Process and Product: Dichotomy or Duality},
  number    = {2},
  pages     = {17-18},
  volume    = {20},
  booktitle = {Software Engineering Notes},
  publisher = {ACM Press},
}

@Misc{Dav95a,
  author    = {A Davis},
  date      = {1995},
  title     = {Principles of Software Development},
  publisher = {McGraw-Hill},
}

@TechReport{Day99,
  author = {H Dayani-Fard},
  date   = {1999},
  title  = {Legacy Software Systems: Issues, Progress, and Challenges},
}

@Misc{Dem86,
  author    = {W Deming},
  date      = {1986},
  title     = {Out of the Crisis},
  publisher = {MIT Press},
}

@Misc{Dem79,
  author    = {T Demarco},
  date      = {1979},
  title     = {Structured Analysis and System Specification},
  publisher = {Prentice Hall},
}

@Misc{Dem95,
  author = {T Demarco},
  date   = {1995},
  title  = {Why Does Software Cost So Much? Dorset House},
}

@Misc{Dem98,
  author   = {T Demarco and T Lister and Peopleware null},
  date     = {1998},
  location = {Dorset House},
}

@Article{Dem02,
  author       = {T Demarco and B Boehm},
  date         = {2002},
  journaltitle = {IEEE Computer},
  title        = {The Agile Methods Fray},
  number       = {6},
  pages        = {90-92},
  volume       = {35},
}

@Article{Den73,
  author    = {J Dennis and null Modularity},
  date      = {1973},
  editor    = {F. L. Bauer},
  pages     = {128-182},
  booktitle = {Advanced Course on Software Engineering},
  publisher = {Springer-Verlag},
}

@Article{Dev01,
  author    = {V Devedzik},
  date      = {2001},
  title     = {Software Patterns},
  booktitle = {Handbook of Software Engineering and KnowledgeEngineering},
  publisher = {World Scientific Publishing Co},
}

@Article{Dha95,
  author       = {H Dhama},
  date         = {1995},
  journaltitle = {Journal ofSystems and Software},
  title        = {Quantitative Metrics for Cohesion and Coupling in Software},
  number       = {4},
  volume       = {29},
}

@InProceedings{Dij65,
  author    = {E Dijkstra},
  booktitle = {Proc. 1965 IFIP Congress},
  date      = {1965},
  title     = {Programming Considered as a Human Activity},
  publisher = {North-Holland Publishing Co},
}

@Article{Dij72,
  author       = {E Dijkstra},
  date         = {1972},
  journaltitle = {ACM Turing Award Lecture, CACM},
  title        = {The Humble Programmer},
  number       = {10},
  pages        = {859-866},
  volume       = {15},
}

@Misc{Dij76,
  author    = {E Dijkstra},
  editor    = {J. Buxton et al.},
  date      = {1976},
  title     = {Structured Programming,” in Software Engineering, Concepts andTechniques},
  publisher = {Van Nostrand-Reinhold},
}

@Misc{Dij76a,
  author    = {E Dijkstra},
  date      = {1976},
  title     = {A Discipline of Programming},
  publisher = {Prentice Hall},
}

@Article{Dij82,
  author    = {E Dijksta},
  date      = {1982},
  title     = {On the Role of Scientific Thought},
  booktitle = {Selected Writings on Computing: A PersonalPerspective},
  publisher = {Springer-Verlag},
}

@InProceedings{Dix99,
  author    = {A Dix},
  booktitle = {Proc. User Interfaces to Data SystemsConference},
  date      = {1999},
  title     = {Design of User Interfaces for the Web},
}

@Article{Dob04,
  author    = {F Dobb},
  date      = {2004},
  booktitle = {ISO 9001:2000 Quality Registration Step-by-Step},
  publisher = {Butterworth-Heinemann},
}

@Misc{Don99,
  author = {G Donahue and S Weinschenck and J Nowicki},
  date   = {1999},
  title  = {Usability Is Good Business},
}

@Misc{Dre99,
  author = {S Dreilinger},
  date   = {1999},
  title  = {CVS Version Control for Web Site Projects},
}

@Misc{Dru75,
  author = {P Drucker and W Management and null Heinemann},
  date   = {1975},
}

@Article{Duc01,
  author    = {K Ducatel},
  date      = {2001},
  booktitle = {Scenarios for Ambient Intelligence in 2010, ISTAG-EuropeanCommission},
}

@Article{Dun82,
  author       = {R Dunn and R Ullman},
  date         = {1982},
  journaltitle = {Quality Assurance for Computer Software},
  location     = {McGraw-Hill},
}

@Misc{Dun,
  author = {D Dunaway and S Masters},
  title  = {CMM-Based Appraisal for Internal Process Improvement},
}

@Misc{Dun02,
  author   = {W Dunn},
  date     = {2002},
  title    = {Practical Design of Safety-Critical Computer Systems},
  location = {William Dunn},
}

@Misc{Van02,
  author    = {D Vanduyne and J Landay and J Hong},
  date      = {2002},
  title     = {The Design of Sites},
  publisher = {Addison-Wesley},
}

@Misc{Dye92,
  author    = {M Dyer},
  date      = {1992},
  title     = {The Cleanroom Approach to Quality Software Development},
  publisher = {Wiley},
}

@Article{Edg95,
  author       = {J Edgemon},
  date         = {1995},
  journaltitle = {Application Development Trends},
  title        = {Right Stuff: How to Recognize It When Selecting a Project Manager},
  number       = {5},
  pages        = {37-42},
  volume       = {2},
}

@Misc{Eji91,
  author    = {L Ejiogu},
  date      = {1991},
  title     = {Software Engineering with Formal Metrics},
  publisher = {QED Publishing},
}

@Article{Elr01,
  author       = {T Elrad and R Filman and A Bader},
  date         = {2001},
  journaltitle = {Comm. ACM},
  title        = {Aspect Oriented Programming},
  number       = {10},
  volume       = {44},
}

@Misc{Eri05,
  author    = {C Ericson},
  date      = {2005},
  title     = {Hazard Analysis Techniques for System Safety},
  publisher = {Wiley-Interscience},
}

@Misc{Eri08,
  author = {T Erickson},
  date   = {2008},
  title  = {The Interaction Design Patterns Page},
}

@Misc{Eva03,
  author    = {E Evans},
  date      = {2003},
  title     = {Domain Driven Design},
  publisher = {Addison-Wesley},
}

@Article{Fag86,
  author       = {M Fagan},
  date         = {1986},
  journaltitle = {IEEE Trans. Software Engineering},
  title        = {Advances in Software Inspections},
  number       = {6},
  volume       = {12},
}

@Article{Fel89,
  author       = {L Felican and G Zalateu},
  date         = {1989},
  journaltitle = {IEEETrans. Software Engineering},
  title        = {Validating Halstead’s Theory for Pascal Programs},
  number       = {2},
  pages        = {1630-1632},
  volume       = {15},
}

@Misc{Fen91,
  author    = {N Fenton and Software Metrics},
  date      = {1991},
  publisher = {Chapman and Hall},
}

@Article{Fen94,
  author       = {N Fenton},
  date         = {1994},
  journaltitle = {IEEE Trans. SoftwareEngineering},
  title        = {Software Measurement: A Necessary Scientific Basis},
  number       = {3},
  pages        = {199-206},
  volume       = {20},
}

@Article{Fer97,
  author       = {P Ferguson},
  date         = {1997},
  journaltitle = {IEEE Computer},
  title        = {Results of Applying the Personal Software Process},
  number       = {5},
  pages        = {24-31},
  volume       = {30},
}

@Article{Fer98,
  author       = {P Ferdinandi},
  date         = {1998},
  journaltitle = {IEEE Software},
  title        = {Facilitating Communication},
  pages        = {92-96},
}

@InProceedings{Fer00,
  author    = {E Fernandez and X Yuan},
  booktitle = {Proceedings of the 19th Int.Conf. on Conceptual Modeling, ER2000, Lecture Notes in Computer Science},
  date      = {2000},
  title     = {Semantic Analysis Patterns},
  pages     = {183-195},
  publisher = {Springer},
}

@Misc{Fir93,
  author    = {D Firesmith},
  date      = {1993},
  title     = {Object-Oriented Requirements Analysis and Logical Design},
  publisher = {Wiley},
}

@Article{Fis06,
  author    = {R Fisher and D Shapiro},
  date      = {2006},
  booktitle = {Beyond Reason: Using Emotions as You Negotiate},
  location  = {Penguin},
}

@Article{Fit54,
  author       = {P Fitts},
  date         = {1954},
  journaltitle = {Journal of Experimental Psychology},
  title        = {The Information Capacity of the Human Motor System in Controlling theAmplitude of Movement},
  pages        = {381-391},
  volume       = {47},
}

@Article{Fle98,
  author       = {Q Fleming and J Koppelman},
  date         = {1998},
  journaltitle = {CrossTalk},
  title        = {Earned Value Project Management},
  number       = {7},
  pages        = {19},
  volume       = {11},
}
{Fos06,
  author = {E Foster},
  title  = {Quality Culprits,” InfoWorld Grip Line Weblog},
  year   = {2006},
	month = {2}
  month = {5},
  day = {2},
}

@Misc{Fow97,
  author    = {M Fowler},
  date      = {1997},
  title     = {Analysis Patterns: Reusable Object Models},
  publisher = {Addison-Wesley},
}

@Misc{Fow00,
  author    = {M Fowler},
  date      = {2000},
  title     = {Refactoring: Improving the Design of Existing Code},
  publisher = {Addison-Wesley},
}

@Misc{Fow01,
  author = {M Fowler and J Highsmith},
  date   = {2001},
  title  = {The Agile Manifesto,” Software Development Magazine},
}

@Article{Fow03,
  author       = {M Fowler},
  date         = {2003},
  journaltitle = {Patterns of Enterprise Application Architecture},
  publisher    = {Addison-Wesley},
}

@Misc{Fow04,
  author    = {M Fowler and null Uml Distilled},
  date      = {2004},
  publisher = {Addison-Wesley},
}

@Article{Fra93,
  author       = {P Frankl and S Weiss},
  date         = {1993},
  journaltitle = {IEEE Trans. Software Engineering},
  title        = {An Experimental Comparison of the Effectiveness of BranchTesting and Data Flow},
  number       = {8},
  pages        = {770-787},
  volume       = {19},
}

@TechReport{Fra03,
  author = {A Francois},
  date   = {2003},
  title  = {Software Architecture for Immersipresence},
}

@Article{Fre80,
  author    = {P Freeman},
  date      = {1980},
  title     = {The Context of Design},
  editor    = {P. Freemanand A. Wasserman},
  pages     = {2-4},
  booktitle = {Software Design Techniques},
  publisher = {IEEE Computer Society Press},
}

@Article{Fre90,
  author    = {D Freedman and G Weinberg},
  date      = {1990},
  booktitle = {Handbook of Walkthroughs, Inspections andTechnical Reviews},
  location  = {Dorset House},
}

@Misc{Gag04,
  author   = {D Gage and J Mccormick},
  date     = {2004-04},
  title    = {We Did Nothing Wrong},
  location = {Baseline Magazine},
}

@TechReport{Gai95,
  author   = {B Gaines},
  date     = {1995},
  title    = {Modeling and Forecasting the Information Sciences},
  location = {Calgary, Alberta},
}

@Misc{Gam95,
  author    = {E Gamma},
  date      = {1995},
  title     = {Design Patterns: Elements of Reusable Object-Oriented Software},
  publisher = {Addison-Wesley},
}

@Article{Gar84,
  author       = {D Garvin},
  date         = {1984},
  journaltitle = {Sloan Management Review},
  title        = {What Does ‘Product Quality’ Really Mean?},
  pages        = {25-45},
}

@Article{Gar87,
  author       = {D Garvin},
  date         = {1987},
  journaltitle = {Harvard Business Review},
  title        = {Competing on the Eight Dimensions of Quality},
  pages        = {101-109},
}

@Article{Gar95,
  author       = {D [gar95] Garlan and M Shaw},
  date         = {1995},
  journaltitle = {Advances inSoftware Engineering and Knowledge Engineering},
  title        = {An Introduction to Software Architecture},
  editor       = {I (V. Ambriola and G. Tortora},
  publisher    = {World Scientific Publishing Company},
}

@Article{Gau89,
  author    = {D Gause and G Weinberg},
  date      = {1989},
  booktitle = {Exploring Requirements: Quality Before Design},
  location  = {DorsetHouse},
}

@TechReport{Gey01,
  author = {A Geyer-Schulz and M Hahsler},
  date   = {2001},
  title  = {Software Engineering with Analysis Patterns},
}

@Article{Gil88,
  author    = {T Gilb},
  date      = {1988},
  booktitle = {Principles of Software Project Management},
  publisher = {Addison-Wesley},
}

@Article{Gil95,
  author    = {T Gilb},
  date      = {1995},
  title     = {What We Fail to Do in Our Current Testing Culture},
  booktitle = {Testing Techniques Newslet-ter},
  location  = {Software Research},
}

@Misc{Gil06,
  author = {D Gillis},
  date   = {2006},
  title  = {Pattern-Based Design,” tehan + lax blog},
  pages  = {96},
}

@Article{Gla98,
  author       = {R Glass},
  date         = {1998},
  journaltitle = {IEEE Software},
  title        = {Defining Quality Intuitively},
  pages        = {103-104},
  volume       = {107},
}

@Misc{Gla02,
  author    = {M Gladwell},
  date      = {2002},
  title     = {The Tipping Point},
  publisher = {Back Bay Books},
}

@Article{Gli07,
  author       = {M Glinz and R Wieringa},
  date         = {2007-03},
  journaltitle = {IEEE Software},
  title        = {Stakeholders in Requirements Engineering},
  number       = {2},
  pages        = {18-20},
  volume       = {24},
}

@Misc{Glu94,
  author = {D Gluch},
  date   = {1994},
  title  = {A Construct for Describing Software Development Risks},
}

@InProceedings{Gna99,
  author    = {C Gnaho and F Larcher},
  booktitle = {Proc. 1st ICSE Workshop on Web Engineering},
  date      = {1999},
  title     = {A User-Centered Methodology for Complex and Customiz-able Web Engineering},
  location  = {Los Angeles},
  publisher = {ACM},
}

@Misc{Gon,
  author = {R Gonzales},
  title  = {Requirements Engineering,” Sandia National Laboratories, a slide pres-entation, available at www},
}

@Misc{Gor02,
  author    = {B Gordon and M Gordon},
  date      = {2002},
  title     = {The Complete Guide to Digital Graphic Design},
  publisher = {Watson-Guptill},
}

@Misc{Gor06,
  author    = {I Gorton},
  date      = {2006},
  title     = {Essential Software Architecture},
  publisher = {Springer},
}

@Article{Gra87,
  author    = {R Grady and D Caswell},
  date      = {1987},
  booktitle = {Software Metrics: Establishing a Company-Wide Program},
  publisher = {Prentice Hall},
}

@Misc{Gra92,
  author    = {R Grady},
  date      = {1992},
  title     = {Practical Software Metrics for Project Management and Process Improvement},
  publisher = {Prentice Hall},
}

@Article{Gra99,
  author       = {R [gra99] Grable},
  date         = {1999},
  journaltitle = {IEEE Software},
  title        = {Metrics for Small Projects: Experiences at SED},
  pages        = {21-29},
}

@Misc{Gra03,
  author    = {J Gradecki and N Lesiecki},
  date      = {2003},
  title     = {Mastering AspectJ: Aspect-Oriented Programming in Java},
  publisher = {Wiley},
}

@Misc{Gru02,
  author = {J Grundy},
  date   = {2002},
  title  = {Aspect-Oriented Component Engineering},
}

@InProceedings{Gus89,
  author    = {A Gustavsson},
  booktitle = {Proc. 2nd Intl. Workshop on Software Configuration Management},
  date      = {1989},
  title     = {Maintaining the Evolution of Software Objects in an Integrated Envi-ronment},
  location  = {Princeton,NJ},
  pages     = {114-117},
  publisher = {ACM},
}

@Misc{Gut93,
  author    = {J Guttag and J Horning},
  date      = {1993},
  title     = {Larch: Languages and Tools for Formal Specification},
  publisher = {Springer-Verlag},
}

@Misc{Hac98,
  author    = {J Hackos and J Redish},
  date      = {1998},
  title     = {User and Task Analysis for Interface Design},
  publisher = {Wiley},
}

@Article{Hai02,
  author       = {B Hailpern and P Santhanam},
  date         = {2002},
  journaltitle = {IBMSystems Journal},
  title        = {Software Debugging, Testing and Verification},
  number       = {1},
  volume       = {41},
}

@Misc{Hal77,
  author   = {M Halstead},
  date     = {1977},
  title    = {Elements of Software Science},
  location = {North-Holland},
}

@Article{Hal90,
  author       = {A Hall},
  date         = {1990},
  journaltitle = {IEEE Software},
  title        = {Seven Myths of Formal Methods},
  pages        = {11-20},
}

@Misc{Hal98,
  author    = {E Hall},
  date      = {1998},
  title     = {Managing Risk: Methods for Software Systems Development},
  publisher = {Addison-Wesley},
}

@Article{Har98,
  author       = {P Harmon},
  date         = {1998},
  journaltitle = {Cutter IT Journal},
  title        = {Navigating the Distributed Components Landscape},
  number       = {2},
  pages        = {4-11},
  volume       = {11},
}

@Article{Har98a,
  author       = {R Harrison and S Counsell and R Nithi},
  date         = {1998},
  journaltitle = {IEEE Trans. Software Engineering},
  title        = {An Evaluation of the MOOD Set of Object-Oriented Software Metrics},
  number       = {6},
  pages        = {491-496},
}

@Misc{Her00,
  author    = {D Herrmann},
  date      = {2000},
  title     = {Software Safety and Reliability},
  publisher = {Wiley-IEEE Computer Society Press},
}

@Article{Het84,
  author       = {W Hetzel},
  date         = {1984},
  journaltitle = {QED Information Sciences},
  title        = {The Complete Guide to Software Testing},
}

@Misc{Het93,
  author    = {W Hetzel},
  date      = {1993},
  title     = {Making Software Measurement Work},
  publisher = {QED Publishing},
}

@Article{Hev93,
  author       = {A Hevner and H Mills},
  date         = {1993},
  journaltitle = {IBM Systems Journal},
  title        = {Box Structure Methods for System Development withObjects},
  number       = {2},
  pages        = {232-251},
  volume       = {31},
}

@Misc{Hig95,
  author = {R Higuera},
  editor = {CrossTalk, U.S. Dept. of Defense},
  date   = {1995},
  title  = {Team Risk Management},
  pages  = {2-4},
}

@Misc{Hig00,
  author    = {J Highsmith},
  date      = {2000},
  title     = {Adaptive Software Development: An Evolutionary Approach to ManagingComplex Systems},
  publisher = {Dorset House Publishing},
}

@Article{Hig01,
  author       = {J Highsmith},
  date         = {2001},
  journaltitle = {Cutter IT Journal},
  title        = {The Great Methodologies Debate: Part 1},
  number       = {12},
  volume       = {14},
}

@Article{Hig02,
  author       = {J Highsmith},
  date         = {2002},
  journaltitle = {Cutter IT Journal},
  title        = {The Great Methodologies Debate: Part 2},
  number       = {1},
  volume       = {15},
}

@Misc{Hig02a,
  author    = {J Highsmith},
  date      = {2002},
  title     = {Agile Software Development Ecosystems},
  publisher = {Addison-Wesley},
}

@Article{Hil05,
  author       = {S Hildreth},
  date         = {2005-07},
  journaltitle = {Computerworld},
  title        = {Buggy Software: Up from a Low Quality Quagmire},
}

@Misc{Hob06,
  author    = {S Hoberman},
  date      = {2006},
  title     = {Data Modeling Made Simple},
  publisher = {Technics Publications},
}

@Article{Hof00,
  author       = {C Hofmeister and R Nord and D Soni},
  date         = {2000},
  journaltitle = {Applied Software Architecture},
  publisher    = {Addison-Wesley},
}

@Misc{Hof01,
  author = {C Hofmann},
  date   = {2001},
  title  = {Approaches to Software Architecture},
}

@Misc{Hol06,
  author    = {S Holzner},
  date      = {2006},
  title     = {Design Patterns for Dummies},
  publisher = {For Dummies Publishers},
}

@Misc{Hoo96,
  author = {D Hooker},
  date   = {1996},
  title  = {Seven Principles of Software Development},
}

@Article{Hop90,
  author       = {M Hopper},
  date         = {1990-05},
  journaltitle = {HarvardBusiness Review},
  title        = {Rattling SABRE, New Ways to Compete on Information},
}

@Article{Hor03,
  author    = {J Horch},
  date      = {2003},
  booktitle = {Practical Guide to Software Quality Management},
  publisher = {Artech House},
}

@Misc{Hum95,
  author    = {W Humphrey},
  date      = {1995},
  title     = {A Discipline for Software Engineering},
  publisher = {Addison-Wesley},
}

@Article{Hum96,
  author       = {W Humphrey},
  date         = {1996-05},
  journaltitle = {IEEESoftware},
  title        = {Using a Defined and Measured Personal Software Process},
  number       = {3},
  pages        = {77-88},
  volume       = {13},
}

@Misc{Hum97,
  author    = {W Humphrey},
  date      = {1997},
  title     = {Introduction to the Personal Software Process},
  publisher = {Addison-Wesley},
}

@Article{Hum98,
  author       = {W Humphrey},
  date         = {1998},
  journaltitle = {CrossTalk},
  title        = {The Three Dimensions of Process Improvement, Part III: The TeamProcess},
}

@Misc{Hum00,
  author    = {W Humphrey},
  date      = {2000},
  title     = {Introduction to the Team Software Process},
  publisher = {Addison-Wesley},
}

@Article{Hun99,
  author    = {A Hunt and D Thomas and W Cunningham},
  date      = {1999},
  booktitle = {The Pragmatic Programmer},
  publisher = {Addison-Wesley},
}

@Misc{Hur83,
  author = {R Hurley},
  date   = {1983},
  title  = {Decision Tables in Software Engineering},
}

@Article{Hya96,
  author       = {L Hyatt and L Rosenberg},
  date         = {1996},
  journaltitle = {NASA SATC},
  title        = {A Software Quality Model and Metrics for IdentifyingProject Risks and Assessing Software Quality},
}

@Article{Ivo01,
  author    = {M Ivory and R Sinha and M Hearst},
  date      = {2001},
  title     = {Empirically Validated Web Page Design Metrics},
  booktitle = {ACM SIGCHI’01},
}

@Misc{Jac75,
  author    = {M Jackson},
  date      = {1975},
  title     = {Principles of Program Design},
  publisher = {Academic Press},
}

@Misc{Jac92,
  author    = {I Jacobson},
  date      = {1992},
  title     = {Object-Oriented Software Engineering},
  publisher = {Addison-Wesley},
}

@Article{Jac99,
  author    = {I Jacobson and G Booch and J Rumbaugh},
  date      = {1999},
  booktitle = {The Unified Software Development Process},
  publisher = {Addison-Wesley},
}

@Article{Jac02,
  author       = {I Jacobson},
  date         = {2002},
  journaltitle = {Cutter IT Journal},
  title        = {A Resounding ‘Yes’ to Agile Processes-But Also More},
  number       = {1},
  pages        = {18-24},
  volume       = {15},
}

@Misc{Jac02a,
  author = {D Jacyntho and D Schwabe and G Rossi},
  date   = {2002},
  title  = {An Architecture for Structuring Complex WebApplications},
  volume = {478},
}

@Article{Jac04,
  author    = {I Jacobson and P Ng},
  date      = {2004},
  booktitle = {Aspect-Oriented Software Development},
  publisher = {Addison-Wesley},
}

@Article{Jal04,
  author       = {P Jalote},
  date         = {2004},
  journaltitle = {Journal of Systems and Software},
  title        = {Timeboxing: A Process Model for Iterative Software Development},
  number       = {2},
  pages        = {117-127},
  volume       = {70},
}

@Misc{Jay94,
  author    = {Y Jaychandra},
  date      = {1994},
  title     = {Re-engineering the Networked Enterprise},
  publisher = {McGraw-Hill},
}

@Article{Jec06,
  author    = {T Jech},
  date      = {2006},
  booktitle = {Set Theory},
  publisher = {Springer},
}

@Misc{Jon86,
  author    = {C Jones},
  date      = {1986},
  title     = {Programming Productivity},
  publisher = {McGraw-Hill},
}

@Article{Jon91,
  author    = {C Jones},
  date      = {1991},
  booktitle = {Systematic Software Development Using VDM},
  publisher = {Prentice Hall},
}

@Article{Jon96,
  author       = {C Jones},
  date         = {1996},
  journaltitle = {American Programmer},
  title        = {How Software Estimation Tools Work},
  number       = {7},
  pages        = {19-27},
  volume       = {9},
}

@Misc{Jon98,
  author    = {C Jones},
  date      = {1998},
  title     = {Estimating Software Costs},
  publisher = {McGraw-Hill},
}

@Misc{Jon04,
  author = {C Jones},
  date   = {2004},
  title  = {Software Project Management Practices: Failure Versus Success},
}

@Misc{Kai02,
  author = {J Kaiser},
  date   = {2002},
  title  = {Elements of Effective Web Design},
}

@Article{Kal03,
  author    = {S Kalman},
  date      = {2003},
  booktitle = {Web Security Field Guide},
  publisher = {Cisco Press},
}

@Article{Kan93,
  author    = {C Kaner and J Falk and H Nguyen},
  date      = {1993},
  booktitle = {Testing Computer Software},
  publisher = {Van Nostrand-Reinhold},
}

@Misc{Kan95,
  author = {C Kan95] Kaner},
  date   = {1995},
  title  = {“Lawyers, Lawsuits, and Quality Related Costs},
}

@Article{Kan01,
  author    = {C Kaner and null Pattern},
  date      = {2001},
  booktitle = {Scenario Testing” (draft)},
}

@Misc{Kar94,
  author = {N Karten},
  date   = {1994},
  title  = {Managing Expectations, Dorset House},
}

@Misc{Kau95,
  author   = {S Kauffman},
  date     = {1995},
  title    = {At Home in the Universe},
  location = {Oxford},
}

@Misc{Kaz98,
  author = {R Kazman},
  date   = {1998},
  title  = {The Architectural Tradeoff Analysis Method, Software EngineeringInstitute},
}

@Article{Kaz03,
  author       = {R Kazman and A Eden},
  date         = {2003},
  journaltitle = {Software Engineering Institute},
  title        = {Defining the Terms Architecture, Design, and Implementa-tion,” news@sei interactive},
  number       = {1},
  volume       = {6},
}

@Article{Kei98,
  author       = {M Keil},
  date         = {1998},
  journaltitle = {CACM},
  title        = {A Framework for Identifying Software Project Risks},
  number       = {11},
  pages        = {76-83},
  volume       = {41},
}

@Article{Kel00,
  author    = {D Kelly and R Oshana},
  date      = {2000},
  pages     = {801-807},
  volume    = {42},
  booktitle = {“Improving Software Quality Using Statistical Techniques,Information and Software Technology},
  publisher = {Elsevier},
}

@Article{Ker78,
  author    = {B Kernighan and P Plauger},
  date      = {1978},
  booktitle = {The Elements of Programming Style},
  publisher = {McGraw-Hill},
}

@Article{Ker05,
  author    = {J Kerievsky},
  date      = {2005},
  title     = {Industrial XP: Making XP Work in Large Organizations},
  number    = {2},
  volume    = {6},
  booktitle = {Cutter Consortium,Executive Report},
}

@Article{Kim04,
  author       = {E Kim},
  date         = {2004},
  journaltitle = {Journal},
  title        = {A Manifesto for Collaborative Tools},
}

@TechReport{Kir94,
  author = {S Kirani and W Tsai},
  date   = {1994},
  title  = {Specification and Verification of Object-Oriented Programs},
}

@Misc{Kiz05,
  author    = {J Kizza},
  date      = {2005},
  title     = {Computer Network Security},
  publisher = {Springer},
}

@Misc{Knu98,
  author    = {D Knuth},
  date      = {1998},
  title     = {The Art of Computer Programming, three volumes},
  publisher = {Addison-Wesley},
}

@InProceedings{Kon02,
  author    = {S Konrad and B Cheng},
  booktitle = {Proceedingsof the 10th Anniversary IEEE Joint International Conference on Requirements Engineering},
  date      = {2002},
  title     = {Requirements Patterns for Embedded Systems},
  pages     = {127-136},
  publisher = {IEEE},
}

@Article{Kra88,
  author       = {G Krasner and S Pope},
  date         = {1988-08},
  journaltitle = {Journal of Object-Oriented Programming},
  title        = {A Cookbook for Using the Model-View-Controller UserInterface Paradigm in Smalltalk-80},
  number       = {3},
  pages        = {26-49},
  volume       = {1},
}

@Article{Kra95,
  author       = {R Kraul and L Streeter},
  date         = {1995},
  journaltitle = {” CACM},
  title        = {Coordination in Software Development},
  number       = {3},
  pages        = {69-81},
  volume       = {38},
}

@Article{Kru05,
  author       = {P Krutchen},
  date         = {2005},
  journaltitle = {IEEE Software},
  title        = {Software Design in a Postmodern Era},
  number       = {2},
  pages        = {16-18},
  volume       = {22},
}

@Article{Kru06,
  author       = {P Kruchten and H null},
  date         = {2006},
  journaltitle = {IEEE Software},
  title        = {Software Architectural” (special issue)},
  editor       = {Obbink, and J. Stafford},
  number       = {2},
  volume       = {23},
}

@Misc{Kur05,
  author = {R Kurzweil},
  date   = {2005},
  title  = {The Singularity Is Near, Penguin Books},
}

@Misc{Kyb84,
  author    = {H Kyburg},
  date      = {1984},
  title     = {Theory and Measurement},
  publisher = {Cambridge University Press},
}

@Article{Laa00,
  author    = {S Laa00] Laakso},
  date      = {2000},
  title     = {Improved Scroll Bars},
  pages     = {97-98},
  booktitle = {CHI 2000 Conf. Proc., ACM},
}

@Article{Lai02,
  author    = {A Laitenberger},
  date      = {2002},
  title     = {A Survey of Software Inspection Technologies},
  booktitle = {Handbook on Soft-ware Engineering and Knowledge Engineering},
  publisher = {World Scientific Publishing Company},
}

@Article{Lam01,
  author       = {W Lam},
  date         = {2001},
  journaltitle = {IEEE IT},
  title        = {“Testing E-Commerce Systems: A Practical Guide},
  pages        = {19-28},
}

@Misc{Lan01,
  author = {M Lange},
  date   = {2001},
  title  = {“It’s Testing Time! Patterns for Testing Software},
}

@TechReport{Lan02,
  author   = {R Land},
  date     = {2002},
  title    = {A Brief Survey of Software Architecture},
  location = {Sweden},
}

@Article{Leh97,
  author    = {M Lehman and L Belady},
  date      = {1997},
  booktitle = {Program Evolution: Processes of Software Change},
  publisher = {AcademicPress},
}

@InProceedings{Leh97a,
  author    = {M Lehman},
  booktitle = {Proceedings of the 4th International Software Metrics Symposium (METRICS ’97)},
  date      = {1997},
  title     = {Metrics and Laws of Software Evolution-The Nineties View},
  publisher = {IEEE},
}

@Article{Let01,
  author    = {T Let01] Lethbridge and R Laganiere},
  date      = {2001},
  booktitle = {Object-Oriented Software Engineering: Practical SoftwareDevelopment Using UML and Java},
  publisher = {McGraw-Hill},
}

@Misc{Let03,
  author = {T Let03a] Lethbridge},
  date   = {2003},
}

@Misc{Let03a,
  author = {T Let03b] Lethbridge},
  date   = {2003},
}

@Article{Lev95,
  author    = {N Leveson},
  date      = {1995},
  booktitle = {Safeware: System Safety and Computers},
  publisher = {Addison-Wesley},
}

@Misc{Lev01,
  author = {M Levinson},
  date   = {2001},
  title  = {Let’s Stop Wasting $78 billion a Year,” CIO Magazine},
}

@Article{Lew06,
  author    = {R Lew06] Lewicki and B Barry and D Saunders},
  date      = {2006},
  booktitle = {Essentials of Negotiation},
  location  = {McGraw-Hill},
}

@Misc{Lie03,
  author = {K Lieberherr and null Demeter},
  date   = {2003},
  title  = {Aspect-Oriented Programming},
}

@Article{Lin79,
  author    = {R Lin79] Linger and H Mills and B Witt},
  date      = {1979},
  booktitle = {Structured Programming},
  publisher = {Addison-Wesley},
}

@InProceedings{Lin88,
  author    = {R Linger and H Mills},
  booktitle = {Proc. COMPSAC ’88},
  date      = {1988},
  title     = {A Case Study in Cleanroom Software Engineering: TheIBM COBOL Structuring Facility},
  location  = {Chicago},
}

@Article{Lin94,
  author       = {R Linger},
  date         = {1994},
  journaltitle = {IEEE Software},
  title        = {Cleanroom Process Model},
  number       = {2},
  pages        = {50-58},
  volume       = {11},
}

@Article{Lis88,
  author       = {B Lis88] Liskov},
  date         = {1988},
  journaltitle = {SIGPLAN Notices},
  title        = {Data Abstraction and Hierarchy},
  number       = {5},
  volume       = {23},
}

@Article{Liu98,
  author    = {K Liu},
  date      = {1998},
  booktitle = {Report on the First SEBPC Workshop on Legacy Systems,” Durham Uni-versity},
}

@Misc{Lon02,
  author    = {D Longstreet},
  date      = {2002},
  title     = {Fundamental of Function Point Analysis},
  publisher = {Longstreet Consulting, Inc},
}

@Misc{Lor94,
  author    = {M Lorenz and J Kidd},
  date      = {1994},
  title     = {Object-Oriented Software Metrics},
  publisher = {Prentice Hall},
}

@Misc{Maa07,
  author = {O Maassen and S Stelting},
  date   = {2007},
  title  = {Creational Patterns: Creating Objects in an OO System},
}

@Article{Man81,
  author       = {M Man81] Mantai},
  date         = {1981},
  journaltitle = {CACM},
  title        = {The Effect of Programming Team Structures on Programming Tasks},
  number       = {3},
  pages        = {106-113},
  volume       = {24},
}

@Misc{Man97,
  author    = {T Mandel},
  date      = {1997},
  title     = {The Elements of User Interface Design},
  publisher = {Wiley},
}

@Misc{Mar94,
  author    = {B Mar94] Marick},
  date      = {1994},
  title     = {The Craft of Software Testing},
  publisher = {Prentice Hall},
}

@Misc{Mar,
  author = {R Mar00] Martin},
  title  = {Design Principles and Design Patterns},
}

@Article{Mar01,
  author    = {J Marciniak},
  date      = {2001},
  booktitle = {Encyclopedia of Software Engineering},
  publisher = {Wiley},
}

@Misc{Mar02,
  author = {B Mar02] Marick},
  date   = {2002},
  title  = {Software Testing Patterns},
}

@Article{Mcc76,
  author       = {T Mccabe},
  date         = {1976},
  journaltitle = {IEEE Trans. Software Engineering},
  title        = {A Software Complexity Measure},
  number       = {2},
  pages        = {308-320},
}

@Article{Mcc77,
  author    = {J Mccall and P Richards and G Walters},
  date      = {1977},
  pages     = {55},
  booktitle = {Factors in Software Quality,” three volumes,NTIS AD-A049-014, 015},
}

@Article{Mcc94,
  author       = {T Mccabe and A Watson},
  date         = {1994},
  journaltitle = {CrossTalk},
  title        = {Software Complexity},
  number       = {12},
  pages        = {5-9},
  volume       = {7},
}

@Article{Mcc96,
  author       = {S Mcconnell},
  date         = {1996},
  journaltitle = {IEEE Software},
  title        = {Best Practices: Daily Build and Smoke Test},
  number       = {4},
  pages        = {143-144},
  volume       = {13},
}

@Misc{Mcc98,
  author    = {S Mcconnell},
  date      = {1998},
  title     = {Software Project Survival Guide},
  publisher = {Microsoft Press},
}

@Article{Mcc99,
  author       = {S Mcconnell},
  date         = {1999-03},
  journaltitle = {IEEE Software},
  title        = {Software Engineering Principles},
  number       = {2},
  volume       = {16},
}

@Misc{Mcc04,
  author    = {S Mcconnell and null Code Complete},
  date      = {2004},
  publisher = {Microsoft Press},
}

@Article{Mcc89,
  author       = {A Mccrory},
  journaltitle = {SeachCIO.com},
  title        = {Ten Technologies to Watch in 2006},
  year         = {2005},
}

@Article{Mcd93,
  author    = {J Mcdermid and P Rook},
  date      = {1993},
  title     = {Software Development Process Models},
  pages     = {15-26},
  booktitle = {SoftwareEngineer’s Reference Book},
  publisher = {CRC Press},
}

@Article{Mcg91,
  author       = {R Mcglaughlin},
  date         = {1991},
  journaltitle = {Software Engineering Notes},
  title        = {Some Notes on Program Design},
  number       = {4},
  pages        = {53-54},
  volume       = {16},
}

@Article{Mcg94,
  author       = {J Mcgregor and T Korson},
  date         = {1994},
  journaltitle = {Communications of the ACM},
  title        = {Integrated Object-Oriented Testing and Develop-ment Processes},
  number       = {9},
  pages        = {59-77},
  volume       = {37},
}

@Article{Men01,
  author       = {E Mendes and N Mosley and S Counsell},
  date         = {2001-01},
  journaltitle = {IEEEMultimedia},
  title        = {Estimating Design and Authoring Effort},
  number       = {1},
  pages        = {50-57},
  volume       = {8},
}

@Article{Mer93,
  author       = {E Merlo},
  date         = {1993},
  journaltitle = {IEEE Software},
  title        = {Reengineering User Interfaces},
  pages        = {64-73},
}

@TechReport{Mil72,
  author   = {H Mills},
  date     = {1972},
  title    = {Mathematical Foundations for Structured Programming},
  location = {Gaithersburg, MD},
}

@Article{Mil77,
  author    = {E Miller},
  date      = {1977},
  title     = {The Philosophy of Testing},
  pages     = {1-3},
  booktitle = {Program Testing Techniques},
  publisher = {IEEE ComputerSociety Press},
}

@Article{Mil87,
  author       = {H Mills and M Dyer and R Linger},
  date         = {1987},
  journaltitle = {IEEE Software},
  title        = {Cleanroom Software Engineering},
  pages        = {19-25},
}

@Article{Mil88,
  author       = {H Mills},
  date         = {1988},
  journaltitle = {Computer},
  title        = {Stepwise Refinement and Verification in Box Structured Systems},
  number       = {6},
  pages        = {23-35},
  volume       = {21},
}

@Misc{Mil00,
  author = {E Miller},
  date   = {2000},
  title  = {WebSite Testing},
}

@Misc{Mil00a,
  author = {A Mili and R null and Cowan null},
  date   = {2000-06},
  title  = {Software Engineering Technology Watch},
}

@Misc{Min95,
  author    = {D Minoli},
  date      = {1995},
  title     = {Analyzing Outsourcing},
  publisher = {McGraw-Hill},
}

@Article{Mon84,
  author    = {A Monk},
  date      = {1984},
  booktitle = {Fundamentals of Human-Computer Interaction},
  publisher = {Academic Press},
}

@Article{Mor,
  author       = {T Moran},
  journaltitle = {Intl. Journal of Man-Machine Studies},
  title        = {The Command Language Grammar: A Representation for the UserInterface of Interactive Computer Systems},
  pages        = {3-50},
  volume       = {15},
}

@Article{Mor05,
  author       = {A Morales},
  date         = {2005-03},
  journaltitle = {Dr. Dobbs Portal},
  title        = {The Dream Team},
}

@Article{Mus87,
  author    = {J Musa and A Iannino and K Okumoto},
  date      = {1987},
  booktitle = {Engineering and Managing Software withReliability Measures},
  publisher = {McGraw-Hill},
}

@Article{Mus93,
  author       = {J Musa},
  date         = {1993},
  journaltitle = {IEEE Software},
  title        = {Operational Profiles in Software Reliability Engineering},
  pages        = {14-32},
}

@Article{Mut03,
  author       = {B Mutafelija and H Stromberg},
  date         = {2003},
  journaltitle = {CMMI},
  volume       = {9001},
  publisher    = {Artech},
}

@Misc{Mye78,
  author    = {G Myers},
  date      = {1978},
  title     = {Composite Structured Design},
  publisher = {Van Nostrand},
}

@Misc{Mye79,
  author    = {G Myers},
  date      = {1979},
  title     = {The Art of Software Testing},
  publisher = {Wiley},
}

@Article{Ngu00,
  author    = {H Nguyen},
  date      = {2000-05},
  title     = {Testing Web-Based Applications},
  booktitle = {Software Testing and Quality Engineer-ing},
}

@Misc{Ngu01,
  author    = {H Nguyen},
  date      = {2001},
  title     = {Testing Applications on the Web},
  publisher = {Wiley},
}

@InProceedings{Ngu06,
  author    = {T Nguyen},
  booktitle = {Proc. 15th Intl. World Wide Web Conf},
  date      = {2006},
  title     = {Model-Based Version and Configuration Management for a Web Engi-neering Lifecycle},
  location  = {Edinburg, Scotland},
}

@Article{Nie92,
  author       = {O Nierstrasz and S Gibbs and D Tsichritzis},
  date         = {1992},
  journaltitle = {CACM},
  title        = {Component-Oriented Software Develop-ment},
  number       = {9},
  pages        = {160-165},
  volume       = {35},
}

@Article{Nie94,
  author       = {J Nielsen and J Levy},
  date         = {1994},
  journaltitle = {CACM},
  title        = {Measuring Usability: Preference vs. Performance},
  number       = {4},
  pages        = {65-75},
  volume       = {37},
}

@InProceedings{Nie96,
  author    = {J Nielsen and A Wagner},
  booktitle = {Proc. CHI ’96 Conf. onHuman Factors in Computing Systems},
  date      = {1996},
  title     = {User Interface Design for the WWW},
  pages     = {330-331},
  publisher = {ACM Press},
}

@Misc{Nie00,
  author    = {J Nielsen},
  date      = {2000},
  title     = {Designing Web Usability},
  publisher = {New Riders Publishing},
}

@Article{Nor70,
  author    = {P Norden},
  date      = {1970},
  title     = {Useful Tools for Project Management},
  editor    = {Management of Production, M. K.Starr},
  booktitle = {Penguin Books},
}

@Article{Nor86,
  author    = {D Norman},
  date      = {1986},
  title     = {Cognitive Engineering},
  booktitle = {User Centered Systems Design, LawrenceEarlbaum Associates},
}

@Misc{Nor88,
  author   = {D Norman},
  date     = {1988},
  title    = {The Design of Everyday Things},
  location = {Doubleday},
}

@Article{Nov05,
  author       = {O Novotny},
  date         = {2005},
  journaltitle = {The Architec-ture Journal},
  title        = {Next Generation Tools for Object-Oriented Development},
}

@Misc{Noy02,
  author = {B Noyes},
  date   = {2002},
  title  = {Rugby, Anyone?” Managing Development (an online publication of FawcetteTechnical Publications)},
}

@Article{Off02,
  author       = {J Offutt},
  date         = {2002},
  journaltitle = {IEEE Software},
  title        = {Quality Attributes of Web Software Applications},
  pages        = {25-32},
}

@InProceedings{Ols99,
  author    = {L Olsina},
  booktitle = {Proc.1st ICSE Workshop on Web Engineering},
  date      = {1999},
  title     = {Specifying Quality Characteristics and Attributes for Web Sites},
  location  = {Los Angeles},
  publisher = {ACM},
}

@Article{Ols06,
  author       = {G Olsen},
  date         = {2006},
  journaltitle = {Component Technologies, ACM},
  title        = {From COM to Common},
  number       = {5},
  volume       = {4},
}

@Article{Orf99,
  author       = {R Orf99] Orfali and D Harkey and J Edwards},
  date         = {1999},
  journaltitle = {Client/Server Survival Guide},
  publisher    = {Wiley},
}

@Article{Osb90,
  author       = {W Osborne and E Chikofsky},
  date         = {1990},
  journaltitle = {IEEESoftware},
  title        = {Fitting Pieces to the Maintenance Puzzle},
  pages        = {10-11},
}

@Misc{Ope08,
  author = {null [oso08] Opensource and null Org},
  date   = {2008},
}

@Misc{Pag85,
  author   = {M Page-Jones},
  date     = {1985},
  title    = {Practical Project Management},
  location = {Dorset House},
  pages    = {p. vii},
}

@Misc{Pal02,
  author    = {S Palmer and J Felsing},
  date      = {2002},
  title     = {A Practical Guide to Feature Driven Development},
  publisher = {Prentice Hall},
}

@Article{Par72,
  author       = {D Parnas},
  date         = {1972},
  journaltitle = {CACM},
  title        = {On Criteria to Be Used in Decomposing Systems into Modules},
  number       = {1},
  pages        = {221-227},
  volume       = {14},
}

@Misc{Par96,
  author   = {W Pardee},
  date     = {1996},
  title    = {To Satisfy and Delight Your Customer},
  location = {Dorset House},
}

@Misc{Par96a,
  author = {R Park and W Goethert and W Florac},
  date   = {1996},
  title  = {Goal Driven Software Measurement-A Guidebook},
}

@Article{Pat07,
  author       = {J Patton},
  date         = {2007},
  journaltitle = {IEEE Software},
  title        = {Understanding User Centricity},
  number       = {6},
  pages        = {9-11},
  volume       = {24},
}

@Article{Pau94,
  author       = {D Paulish and A Carleton},
  date         = {1994},
  journaltitle = {Computer},
  title        = {Case Studies of Software Process Improvement Measure-ment},
  number       = {9},
  pages        = {50-57},
  volume       = {27},
}

@Misc{Per74,
  author   = {R Persig},
  date     = {1974},
  title    = {Zen and the Art of Motorcycle Maintenance},
  location = {Bantam Books},
}

@Article{Pet06,
  author       = {J Pethokoukis},
  date         = {2006},
  journaltitle = {U.S. News & World Report},
  title        = {Small Biz Watch: Future Business Trends},
}

@Misc{Pha89,
  author    = {M Phadke},
  date      = {1989},
  title     = {Quality Engineering Using Robust Design},
  publisher = {Prentice Hall},
}

@Article{Pha97,
  author       = {M Phadke},
  date         = {1997},
  journaltitle = {” CrossTalk},
  title        = {Planning Efficient Software Tests},
  number       = {10},
  pages        = {11-15},
  volume       = {10},
}

@Misc{Phi98,
  author    = {D Phillips},
  date      = {1998},
  title     = {The Software Project Manager’s Handbook},
  publisher = {IEEE Computer Society Press},
}

@Misc{Phi02,
  author = {M Phillips},
  date   = {2002},
  title  = {“CMMI V1.1 Tutorial},
}

@Misc{Pol45,
  author    = {G Polya},
  date      = {1945},
  title     = {How to Solve It},
  publisher = {Princeton University Press},
}

@Misc{Poo88,
  author    = {J Poore and H Mills},
  date      = {1988},
  title     = {Bringing Software Under Statistical Quality Control},
  pages     = {52-55},
  publisher = {Quality Progress},
}

@Article{Poo93,
  author       = {J Poore and H Mills and D Mutchler},
  date         = {1993},
  journaltitle = {IEEE Software},
  title        = {Planning and Certifying Software SystemReliability},
  number       = {1},
  pages        = {88-99},
  volume       = {10},
}

@Article{Pop03,
  author       = {M Poppendieck and T Poppendieck},
  date         = {2003},
  journaltitle = {Lean Software Development},
  publisher    = {Addison-Wesley},
}

@Article{Pop06,
  author    = {M Poppendieck and T Poppendieck},
  date      = {2006},
  booktitle = {Implementing Lean Software Development},
  location  = {Addison-Wesley},
}

@Misc{Pop08,
  author = {F Popcorn},
  date   = {2008},
  title  = {Faith Popcorn’s Brain Reserve},
}

@Article{Pow98,
  author       = {T Powell},
  date         = {1998},
  journaltitle = {Web Site Engineering},
  publisher    = {Prentice Hall},
}

@Misc{Pow02,
  author    = {T Powell and null Web Design},
  date      = {2002},
  publisher = {McGraw-Hill/Osborne},
}

@Article{Pre94,
  author       = {W Premerlani and M Blaha},
  date         = {1994},
  journaltitle = {CACM},
  title        = {An Approach for Reverse Engineering of Relational Data-bases},
  number       = {5},
  pages        = {42-49},
  volume       = {37},
}

@Misc{Pre88,
  author    = {R Pressman},
  date      = {1988},
  title     = {Making Software Engineering Happen},
  publisher = {Prentice Hall},
}

@Misc{Pre05,
  author = {R Pressman},
  editor = {0, R. S. Pressman & Associates},
  date   = {2005},
  title  = {Adaptable Process Model, revision 2},
}

@Article{Pre08,
  author    = {R Pressman and D Lowe},
  date      = {2008},
  booktitle = {Web Engineering: A Practitioner’s Approach},
  publisher = {McGraw-Hill},
}

@Article{Put78,
  author       = {L Putnam},
  date         = {1978},
  journaltitle = {IEEE Trans. Software Engineering},
  title        = {A General Empirical Solution to the Macro Software Sizing and EstimationProblem},
  number       = {4},
  pages        = {345-361},
}

@Article{Put92,
  author    = {L Putnam and W Myers},
  date      = {1992},
  booktitle = {Measures for Excellence},
  publisher = {Yourdon Press},
}

@Article{Put97,
  author       = {L Putnam and W Myers},
  date         = {1997},
  journaltitle = {IEEE Software},
  title        = {How Solved Is the Cost Estimation Problem?},
  pages        = {105-107},
}

@Misc{Put97a,
  author    = {L Putnam and W Myers},
  date      = {1997},
  title     = {Industrial Strength Software: Effective Management UsingMeasurement},
  publisher = {IEEE Computer Society Press},
}

@Misc{Pyz03,
  author    = {T Pyzdek},
  date      = {2003},
  title     = {The Six Sigma Handbook},
  publisher = {McGraw-Hill},
}

@Misc{Rad02,
  author    = {R Radice},
  date      = {2002},
  title     = {High-Quality Low Cost Software Inspections},
  publisher = {Paradoxicon Publishing},
}

@Misc{Rai05,
  author    = {H Raiffa},
  date      = {2005},
  title     = {The Art and Science of Negotiation},
  publisher = {Belknap Press},
}

@Article{Ree99,
  author       = {J Reel},
  date         = {1999},
  journaltitle = {IEEE Software},
  title        = {Critical Success Factors in Software Projects},
  pages        = {18-23},
}

@Article{Ric01,
  author       = {A Ricadel},
  date         = {2001},
  journaltitle = {InformationWeek},
  title        = {The State of Software Quality},
}

@Misc{Ric04,
  author    = {D Rico},
  date      = {2004},
  title     = {ROI of Software Process Improvement},
  publisher = {J. Ross Publishing},
}

@Article{Roc94,
  author       = {J Roche},
  date         = {1994},
  journaltitle = {Software EngineeringNotes, ACM},
  title        = {Software Metrics and Measurement Principles},
  number       = {1},
  pages        = {76-85},
  volume       = {19},
}

@Misc{Roe00,
  author = {W Roetzheim},
  date   = {2000},
  title  = {Estimating Internet Development,” Software Development},
}

@Misc{Roo96,
  author = {J Roos},
  date   = {1996},
  title  = {The Poised Organization: Navigating Effectively on Knowledge Landscapes},
}

@Article{Ros75,
  author       = {D Ross and J Goodenough and C Irvine},
  date         = {1975},
  journaltitle = {IEEE Computer},
  title        = {Software Engineering: Process, Principles andGoals},
  number       = {5},
  volume       = {8},
}

@Misc{Ros04,
  author = {L Rosenhainer},
  date   = {2004},
  title  = {Identifying Crosscutting Concerns in Requirements Specifications},
}

@InProceedings{Roy70,
  author    = {W Royce},
  booktitle = {Proc. WESCON},
  date      = {1970},
  title     = {Managing the Development of Large Software Systems: Concepts andTechniques},
}

@Article{Roz05,
  author    = {N Rozanski and E Woods},
  date      = {2005},
  booktitle = {Software Systems Architecture},
  publisher = {Addison-Wesley},
}

@Misc{Rub88,
  author    = {T Rubin},
  date      = {1988},
  title     = {User Interface Design for Computer Systems},
  publisher = {Halstead Press (Wiley},
}

@Misc{Rum91,
  author    = {J Rumbaugh},
  date      = {1991},
  title     = {Object-Oriented Modeling and Design},
  publisher = {Prentice Hall},
}

@Misc{Sar06,
  author = {A Sarwate},
  date   = {2006-12},
  title  = {Hot or Not: Web Application Vulnerabilities,” SC Magazine},
}

@Article{Sca00,
  author    = {W Scacchi},
  date      = {2000},
  title     = {Understanding Software Process Redesign Using Modeling, Analysis,and Simulation},
  pages     = {185-195},
  booktitle = {Software Process Improvement and Practice},
  publisher = {Wiley},
}

@Misc{Sce02,
  author    = {D Sceppa and Ado Microsoft},
  date      = {2002},
  publisher = {NET, Microsoft Press},
}

@Article{Sch95,
  author       = {D Schwabe and G Rossi},
  date         = {1995},
  journaltitle = {CACM},
  title        = {The Object-Oriented Hypermedia Design Model},
  number       = {8},
  pages        = {45-46},
  volume       = {38},
}

@Misc{Sch98,
  author    = {G Schneider and J Winters},
  date      = {1998},
  title     = {Applying Use Cases},
  publisher = {Addison-Wesley},
}

@InProceedings{Sch98a,
  author    = {D Schwabe and G Rossi},
  booktitle = {Proc. Workshop on Hypermedia Development Process, Methods and Models, Hypertext ‘98},
  date      = {1998},
  title     = {Developing Hypermedia Applications Using OOHDM},
}

@Article{Sch99,
  author       = {N Schneidewind},
  date         = {1999-11},
  journaltitle = {IEEE Trans. SE},
  title        = {Measuring and Evaluating Maintenance Process Using Reliability,Risk, and Test Metrics},
  number       = {6},
  pages        = {768-781},
  volume       = {25},
}

@Misc{Sch01,
  author = {D Schwabe and G Rossi and S Barbosa},
  date   = {2001},
  title  = {Systematic Hypermedia Application DesignUsing OOHDM},
}

@Article{Sch01a,
  author    = {K Schwaber and M Beedle},
  date      = {2001},
  booktitle = {Agile Software Development with SCRUM},
  publisher = {Prentice Hall},
}

@Article{Sch02,
  author       = {K Schwaber},
  date         = {2002},
  journaltitle = {Agile Alliance},
  title        = {Agile Processes and Self-Organization},
}

@Misc{Sch03,
  author = {J Schlickman},
  date   = {2003},
  title  = {Quality Management System Design, Artech HousePublishers},
  volume = {9001},
}

@Article{Sch06,
  author       = {D Schmidt},
  date         = {2006},
  journaltitle = {IEEE Computer},
  title        = {Model-Driven Engineering},
  number       = {2},
  pages        = {25-31},
  volume       = {39},
}

@Article{Sea93,
  author       = {A Sears},
  date         = {1993},
  journaltitle = {IEEE Trans. Software Engineering},
  title        = {Layout Appropriateness: A Metric for Evaluating User Interface WidgetLayout},
  number       = {7},
  pages        = {707-719},
  volume       = {19},
}

@Article{Abb83a,
  author       = {R Abbott},
  date         = {1983},
  journaltitle = {“ CACM},
  title        = {Program Design by Informal English Descriptions},
  number       = {11},
  pages        = {892-894},
  volume       = {26},
}

@Misc{For98a,
  author = {Acm/Ieee-Cs Joint Task Force},
  date   = {1998},
}

@Misc{Ada93a,
  author    = {D Adams},
  date      = {1993},
  title     = {Mostly Harmless},
  publisher = {Macmillan},
}

@Article{Sha95,
  author       = {M Shaw and D Garlan},
  date         = {1995},
  journaltitle = {Lecture Notes in Computer Science},
  title        = {Formulations and Formalisms in Software Architecture},
  volume       = {1000},
  publisher    = {Springer-Verlag},
}

@Article{Sha95a,
  author       = {M Shaw},
  date         = {1995},
  journaltitle = {IEEE Trans. Software Engineering},
  title        = {Abstractions for Software Architecture and Tools to Support Them},
  number       = {4},
  pages        = {314-335},
}

@Article{Sha96,
  author       = {M Shaw and D Garlan},
  date         = {1996},
  journaltitle = {Software Architecture},
  publisher    = {Prentice Hall},
}

@Misc{Sha05,
  author    = {A Shalloway and J Trott},
  date      = {2005},
  title     = {Design Patterns Explained},
  publisher = {Addison-Wesley},
}

@Misc{Shn80,
  author    = {B Shneiderman},
  date      = {1980},
  title     = {Software Psychology},
  pages     = {28},
  publisher = {Winthrop Publishers},
}

@Misc{Aka04a,
  author    = {Y Akao},
  date      = {2004},
  title     = {Quality Function Deployment},
  publisher = {Productivity Press},
}

@Misc{Shn04,
  author    = {B Shneiderman and C Plaisant},
  date      = {2004},
  title     = {Designing the User Interface},
  publisher = {Addison-Wesley},
}

@Misc{Ale77a,
  author    = {C Alexander},
  date      = {1977},
  title     = {A Pattern Language},
  publisher = {Oxford University Press},
}

@Article{Sho83,
  author    = {M Shooman},
  date      = {1983},
  booktitle = {Software Engineering},
  publisher = {McGraw-Hill},
}

@Misc{Ale79a,
  author    = {C Alexander},
  date      = {1979},
  title     = {The Timeless Way of Building},
  publisher = {Oxford University Press},
}

@Article{Sim05,
  author    = {G Simsion and G Witt},
  date      = {2005},
  booktitle = {Data Modeling Essentials},
  publisher = {Morgan Kaufman},
}

@Misc{Amb95a,
  author = {S Ambler},
  date   = {1995},
  title  = {Using Use-Cases,” Software Development},
  pages  = {53-61},
}

@Article{Sin99,
  author    = {N Singpurwalla and S Wilson},
  date      = {1999},
  booktitle = {Statistical Methods in Software Engineering: Reliabilityand Risk},
  publisher = {Springer-Verlag},
}

@InProceedings{Amb98a,
  author    = {S Ambler},
  booktitle = {Process Patterns: Building Large-Scale Systems Using Object Technology},
  date      = {1998},
  publisher = {Cambridge University Press/SIGS Books},
}

@Article{Smi99,
  author       = {J Smith},
  date         = {1999},
  journaltitle = {Rational Software Corp},
  title        = {The Estimation of Effort Based on Use Cases},
}

@Misc{Amb01a,
  author    = {S Ambler},
  date      = {2001},
  title     = {The Object Primer},
  publisher = {Cambridge University Press},
}

@Misc{Amb02c,
  author = {S Ambler},
  date   = {2002},
  title  = {What Is Agile Modeling (AM},
}

@Misc{Smi05,
  author    = {D Smith and , Reliability and null Maintainability and null Risk},
  date      = {2005},
  publisher = {Butterworth-Heinemann},
}

@Article{Sne95,
  author       = {H Sneed},
  date         = {1995},
  journaltitle = {IEEE Software},
  title        = {Planning the Reengineering of Legacy Systems},
  pages        = {24-25},
}

@Article{Amb02d,
  author    = {S Ambler and R Jeffries},
  date      = {2002},
  booktitle = {Agile Modeling},
  publisher = {Wiley},
}

@Misc{Sne03,
  author    = {R Snee and R Hoerl},
  date      = {2003},
  title     = {Leading Six Sigma},
  publisher = {Prentice Hall},
}

@Misc{Amb02e,
  author = {S Ambler},
  date   = {2002},
  title  = {UML Component Diagramming Guidelines},
}

@Article{Amb04a,
  author    = {S Ambler},
  date      = {2004},
  title     = {Examining the Cost of Change Curve},
  booktitle = {The Object Primer},
  publisher = {Cambridge University Press},
}

@Misc{Sol99,
  author    = {R Van Solingen and E Berghout},
  date      = {1999},
  title     = {The Goal/Question/Metric Method},
  publisher = {McGraw-Hill},
}

@Article{Som97,
  author       = {I Somerville and P Sawyer},
  date         = {1997},
  journaltitle = {Requirements Engineering},
  publisher    = {Wiley},
}

@Article{Amb06a,
  author    = {S Ambler},
  date      = {2006},
  booktitle = {The Agile Unified Process (AUP)},
}

@Article{Som05,
  author       = {I Somerville},
  date         = {2005-01},
  journaltitle = {IEEE Software},
  title        = {Integrating Requirements Engineering: A Tutorial},
  number       = {1},
  pages        = {16-23},
  volume       = {22},
}

@Article{And06a,
  author    = {M Andrews and J Whittaker},
  date      = {2006},
  booktitle = {How to Break Web Software: Functional and SecurityTesting of Web Applications and Web Services},
  location  = {Addison-Wesley},
}

@Article{Ant06a,
  author    = {D Anton and C Anton},
  date      = {2006},
  booktitle = {ISO 9001 Survival Guide},
  publisher = {AEM Consulting Group},
}

@Misc{Spl01,
  author    = {S Splaine and S Jaskiel},
  date      = {2001},
  title     = {The Web Testing Handbook},
  publisher = {STQE Publishing},
}

@Misc{Spo02,
  author = {J Spolsky},
  date   = {2002},
  title  = {The Law of Leaky Abstractions},
}

@Article{Appa,
  author       = {B Appleton},
  journaltitle = {22000},
  title        = {Patterns and Software: Essential Concepts and Terminology},
}

@Misc{Sri01,
  author = {M Sridhar and N Mandyam},
  date   = {2001},
  title  = {Effective Use of Data Models in Building WebApplications},
}

@Article{Arl02a,
  author    = {J Arlow and I Neustadt},
  date      = {2002},
  booktitle = {UML and the Unified Process},
  publisher = {Addison-Wesley},
}

@InProceedings{Arn89a,
  author    = {R Arnold},
  booktitle = {Proc. IEEE},
  date      = {1989},
  title     = {Software Restructuring},
  number    = {4},
  pages     = {607-617},
  volume    = {77},
}

@Misc{Sta97,
  author    = {J Stapleton},
  date      = {1997},
  title     = {DSDM-Dynamic System Development Method: The Method in Practice},
  publisher = {Addison-Wesley},
}

@Article{Art97a,
  author       = {L Arthur},
  date         = {1997},
  journaltitle = {CACM},
  title        = {Quantum Improvements in Software System Quality},
  number       = {6},
  pages        = {47-52},
  volume       = {40},
}

@Article{Sta97a,
  author       = {J Statz and D Oxley and P O’toole},
  date         = {1997},
  journaltitle = {CrossTalk},
  title        = {Identifying and Managing Risks for Software ProcessImprovement},
}

@Misc{Ast04a,
  author    = {D Astels},
  date      = {2004},
  title     = {Test Driven Development: A Practical Guide},
  publisher = {Prentice Hall},
}

@Article{Ste74,
  author       = {W Stevens and G Myers and L Constantine},
  date         = {1974},
  journaltitle = {IBM Systems Journal},
  title        = {Structured Design},
  number       = {2},
  pages        = {115-139},
  volume       = {13},
}

@Article{Ave04a,
  author    = {L Aversan},
  date      = {2004},
  title     = {Managing Coordination and Cooperation in Distributed SoftwareProcesses: The GENESIS Environment},
  pages     = {239-263},
  volume    = {9},
  booktitle = {Software Process Improvement and Practice},
  publisher = {Wiley Interscience},
}

@Misc{Ste93,
  author = {T Stewart},
  date   = {1993},
  title  = {Reengineering: The Hot New Managing Tool},
  pages  = {41-48},
}

@Misc{Baa07a,
  author = {B De Baar},
  date   = {2007},
  title  = {Project Risk Checklist},
}

@Article{Ste99,
  author    = {D Stelzer and W Mellis},
  date      = {1999},
  title     = {Success Factors of Organizational Change in SoftwareProcess Improvement},
  number    = {4},
  volume    = {4},
  booktitle = {Software Process Improvement and Practice},
  publisher = {Wiley},
}

@Misc{Bab86a,
  author    = {W Babich},
  date      = {1986},
  title     = {Software Configuration Management},
  publisher = {Addison-Wesley},
}

@Article{Ste03,
  author       = {M Stephens and D Rosenberg},
  date         = {2003},
  journaltitle = {Extreme Programming Refactored},
  publisher    = {Apress},
}

@Article{Bac97a,
  author       = {J Bach},
  date         = {1997},
  journaltitle = {IEEE Computer},
  title        = {Good Enough Quality: Beyond the Buzzword},
  number       = {8},
  pages        = {96-98},
  volume       = {30},
}

@Misc{Sto05,
  author    = {D Stone},
  date      = {2005},
  title     = {User Interface Design and Evaluation},
  publisher = {Morgan Kaufman},
}

@Article{Bac98a,
  author       = {J Bach},
  date         = {1998},
  journaltitle = {Computer},
  title        = {The Highs and Lows of Change Control},
  number       = {8},
  pages        = {113-115},
  volume       = {31},
}

@Article{Tai89,
  author       = {K Tai},
  date         = {1989},
  journaltitle = {ACM Software Engineering Notes},
  title        = {What to Do Beyond Branch Testing},
  number       = {2},
  pages        = {58-61},
  volume       = {14},
}

@Misc{Bae98a,
  author    = {Jr Baetjer and H null},
  date      = {1998},
  title     = {Software as Capital},
  pages     = {85},
  publisher = {IEEE Computer Society Press},
}

@Misc{Tay90,
  author    = {D Taylor},
  date      = {1990},
  title     = {Object-Oriented Technology: A Manager’s Guide},
  publisher = {Addison-Wesley},
}

@Article{Bak72a,
  author       = {F Baker},
  date         = {1972},
  journaltitle = {” IBMSystems Journal},
  title        = {Chief Programmer Team Management of Production Programming},
  number       = {1},
  pages        = {56-73},
  volume       = {11},
}

@Article{Tha97,
  author    = {R Thayer and M Dorfman},
  date      = {1997},
  booktitle = {Software Requirements Engineering},
  publisher = {IEEEComputer Society Press},
}

@Article{Ban06a,
  author       = {E Baniassad},
  date         = {2006},
  journaltitle = {IEEE Software},
  title        = {Discovering Early Aspects},
  number       = {1},
  pages        = {61-69},
  volume       = {23},
}

@InProceedings{The01,
  author    = {T Thelin and H Petersson and C Wohlin},
  booktitle = {Proc. of Workshopon Inspection in Software Engineering (WISE’01)},
  date      = {2001},
  title     = {Sample Driven Inspections},
  location  = {Paris, France},
  pages     = {81-91},
}

@Article{Bar06a,
  author       = {L Baresi and E Dinitto and C Ghezzi},
  date         = {2006},
  journaltitle = {IEEE Computer},
  title        = {Toward Open-World Software: Issues andChallenges},
  number       = {10},
  pages        = {36-43},
  volume       = {39},
}

@Article{Tho92,
  author       = {R Thomsett},
  date         = {1992},
  journaltitle = {American Programmer},
  title        = {The Indiana Jones School of Risk Management},
  number       = {7},
  pages        = {10-18},
  volume       = {5},
}

@Article{Bas84a,
  author       = {V Basili and D Weiss},
  date         = {1984},
  journaltitle = {IEEE Trans. Software Engineering},
  title        = {A Methodology for Collecting Valid Software EngineeringData},
  pages        = {728-738},
  volume       = {10},
}

@Article{Bas03a,
  author    = {L Bass and P Clements and R Kazman},
  date      = {2003},
  booktitle = {Software Architecture in Practice},
  publisher = {Addison-Wesley},
}

@Misc{Tid02,
  author = {J Tidwell},
  date   = {2002},
  title  = {IU Patterns and Techniques},
}

@Misc{Bec99a,
  author    = {K Beck},
  date      = {1999},
  title     = {Extreme Programming Explained: Embrace Change},
  publisher = {Addison-Wesley},
}

@Misc{Til93,
  author   = {G Tillmann},
  date     = {1993},
  title    = {A Practical Guide to Logical Data Modeling},
  location = {McGraw-Hill},
}

@Article{Til00,
  author    = {H Tillman},
  date      = {2000},
  title     = {Evaluating Quality on the Net},
  booktitle = {Babson College},
}

@Misc{Beca,
  author = {K Beck},
  title  = {Manifesto for Agile Software Development},
}

@Misc{Bec04a,
  author    = {K Beck},
  date      = {2004},
  title     = {Extreme Programming Explained: Embrace Change},
  publisher = {Addison-Wesley},
}

@Misc{Tog01,
  author = {B Tog01] Tognozzi},
  date   = {2001},
  title  = {“First Principles},
}

@Article{Tra95,
  author       = {W Tracz},
  date         = {1995},
  journaltitle = {ACMSoftware Engineering Notes},
  number       = {2},
  pages        = {21-22},
  volume       = {20},
}

@Misc{Bec02a,
  author    = {K Beck},
  date      = {2002},
  title     = {Test-Driven Development: By Example},
  publisher = {Addison-Wesley},
}

@Misc{Tri03,
  author    = {R Trivedi and Professional Web Services and null Security},
  date      = {2003},
  publisher = {Wrox Press},
}

@Article{Bee99a,
  author    = {M Beedle},
  date      = {1999},
  title     = {SCRUM: An Extension Pattern Language for Hyperproductive Soft-ware Development},
  volume    = {4},
  booktitle = {Pattern Languages of Program Design},
  location  = {Reading MA},
  publisher = {Addison-WesleyLongman},
}

@Misc{Bei84a,
  author    = {B Beizer},
  date      = {1984},
  title     = {Software System Testing and Quality Assurance},
  publisher = {Van Nostrand-Reinhold},
}

@Misc{Tri05,
  author    = {R Tricker and B Sherring-Lucas},
  date      = {2005},
  location  = {Brief},
  publisher = {Butterworth-Heinemann},
  volume    = {9001},
}

@Article{Tyr05,
  author       = {J Tyree and A Akerman},
  date         = {2005},
  journaltitle = {IEEESoftware},
  title        = {Architectural Decisions: Demystifying Architecture},
  number       = {2},
  volume       = {22},
}

@Misc{Bei90a,
  author    = {B Beizer},
  date      = {1990},
  title     = {Software Testing Techniques},
  publisher = {Van Nostrand-Reinhold},
}

@Article{Uem99,
  author       = {T Uemura and S Kusumoto and K Inoue},
  date         = {1999},
  journaltitle = {IEEE},
  title        = {A Function Point Measurement Tool for UMLDesign Specifications},
  pages        = {62-69},
}

@Misc{Bei95a,
  author    = {B Beizer},
  date      = {1995},
  title     = {Black-Box Testing},
  publisher = {Wiley},
}

@Misc{Bel81a,
  author    = {L Belady},
  date      = {1981},
  title     = {Foreword to Software Design: Methods and Techniques (L. J. Peters, author)},
  publisher = {Yourdon Press},
}

@Misc{Ull02,
  author    = {E Ullman},
  date      = {2002},
  title     = {Close to the Machine: Technophilia and Its Discontents},
  publisher = {City Lights Books},
}

@Article{Bel95a,
  author       = {R Bellinzona and M Gugini and B Pernici},
  date         = {1995},
  journaltitle = {IEEE Software},
  title        = {Reusing Specifications in OO Applications},
  pages        = {65-75},
}

@Misc{The03,
  author = {[ Uml03] The and Uml Café},
  date   = {2003},
  title  = {Customers Don’t Print Themselves},
}

@Misc{Ben99a,
  author    = {J Bentley},
  date      = {1999},
  title     = {Programming Pearls},
  publisher = {Addison-Wesley},
}

@Misc{Uni03,
  author = {Inc Unicode},
  date   = {2003},
  title  = {The Unicode Home Page},
}

@Article{Ben00a,
  author    = {E Bennatan},
  date      = {2000},
  booktitle = {Software Project Management: A Practitioner’s Approach},
  publisher = {McGraw-Hill},
}

@Article{Ben02a,
  author    = {S Bennett and S Mcrobb and R Farmer},
  date      = {2002},
  booktitle = {Object-Oriented Analysis and Design},
  publisher = {McGraw-Hill},
}

@Article{Vac06,
  author       = {[ Vac06 and ] Vacca and J null},
  date         = {2006},
  journaltitle = {Practical Internet Security},
  publisher    = {Springer},
}

@Article{Vle89,
  author       = {T Van Vleck},
  date         = {1989},
  journaltitle = {ACM Software EngineeringNotes},
  title        = {Three Questions About Each Bug You Find},
  number       = {5},
  pages        = {62-63},
  volume       = {14},
}

@Article{Ber80a,
  author    = {E Bersoff and V Henderson and S Siegel},
  date      = {1980},
  booktitle = {Software Configuration Management},
  publisher = {Prentice Hall},
}

@Article{Ber93a,
  author    = {E Berard},
  date      = {1993},
  volume    = {1},
  booktitle = {Essays on Object-Oriented Software Engineering},
  publisher = {Addison-Wesley},
}

@Article{Ste02,
  author    = {M Van Steen and A Tanenbaum},
  date      = {2002},
  booktitle = {Distributed Systems: Principles and Paradigms},
  publisher = {Prentice Hall},
}

@TechReport{Bes04a,
  author = {J Bessin},
  date   = {2004},
  title  = {The Business Value of Quality},
}

@Article{Ven03,
  author       = {B Venners},
  date         = {2003},
  journaltitle = {ArtimaDeveloper},
  title        = {Design by Contract: A Conversation with Bertrand Meyer},
}

@Article{Bha06a,
  author       = {J Bhat and M Gupta and S Murthy},
  date         = {2006-09},
  journaltitle = {IEEE Software},
  title        = {Lessons from Offshore Outsourcing},
  number       = {5},
  volume       = {23},
}

@Misc{Wal03,
  author    = {D Wallace and I Raggett and J Aufgang},
  date      = {2003},
  title     = {Extreme Programming for Web Projects},
  publisher = {Addison-Wesley},
}

@Article{Bie94a,
  author       = {J Bieman and L Ott},
  date         = {1994},
  journaltitle = {IEEE Trans. SoftwareEngineering},
  title        = {Measuring Functional Cohesion},
  number       = {8},
  pages        = {308-320},
  volume       = {20},
}

@Misc{War74,
  author    = {J Warnier},
  date      = {1974},
  title     = {Logical Construction of Programs},
  publisher = {Van Nostrand-Reinhold},
}

@Article{Bin93a,
  author       = {R Binder},
  date         = {1993},
  journaltitle = {American Programmer},
  title        = {Design for Reuse Is for Real},
  number       = {8},
  pages        = {30-37},
  volume       = {6},
}

@Article{Bin94b,
  author       = {R Binder},
  date         = {1994},
  journaltitle = {American Programmer},
  title        = {Testing Object-Oriented Systems: A Status Report},
  number       = {4},
  pages        = {23-28},
  volume       = {7},
}

@Misc{Web05,
  author    = {S Weber},
  date      = {2005},
  title     = {The Success of Open Source},
  publisher = {Harvard University Press},
}

@Article{Bin94c,
  author       = {R Binder},
  date         = {1994},
  journaltitle = {Communications of the ACM},
  title        = {Object-Oriented Software Testing},
  number       = {9},
  pages        = {29},
  volume       = {37},
}

@Misc{Wei86,
  author   = {G Weinberg},
  date     = {1986},
  title    = {On Becoming a Technical Leader},
  location = {Dorset House},
}

@Misc{Bin99a,
  author    = {R Binder},
  date      = {1999},
  title     = {Testing Object-Oriented Systems: Models, Patterns, and Tools},
  publisher = {Addison-Wesley},
}

@Misc{Wel99,
  author = {D Wells},
  date   = {1999},
  title  = {XP-Unit Tests},
}

@Misc{Bir98a,
  author = {M Biró and T Remzsö},
  date   = {1998},
  title  = {Business Motivations for Software Process Improvement},
  number = {32},
}

@Misc{Boe81a,
  author    = {B Boehm},
  date      = {1981},
  title     = {Software Engineering Economics},
  publisher = {Prentice Hall},
}

@Article{Boe88a,
  author       = {B Boehm},
  date         = {1988},
  journaltitle = {Computer},
  title        = {A Spiral Model for Software Development and Enhancement},
  number       = {5},
  pages        = {61-72},
  volume       = {21},
}

@Misc{Whi97,
  author    = {S Whitmire},
  date      = {1997},
  title     = {Object-Oriented Design Measurement},
  publisher = {Wiley},
}

@Misc{Wie02,
  author    = {K Wiegers},
  date      = {2002},
  title     = {Peer Reviews in Software},
  publisher = {Addison-Wesley},
}

@Misc{Boe89a,
  author    = {B Boehm},
  date      = {1989},
  title     = {Software Risk Management},
  publisher = {IEEE Computer Society Press},
}

@Article{Boe96a,
  author       = {B Boehm},
  date         = {1996},
  journaltitle = {IEEE Software},
  title        = {Anchoring the Software Process},
  number       = {4},
  pages        = {73-82},
  volume       = {13},
}

@Misc{Wie03,
  author    = {K Wiegers},
  date      = {2003},
  title     = {Software Requirements},
  publisher = {Microsoft Press},
}

@Article{Boe98a,
  author       = {B Boehm},
  date         = {1998},
  journaltitle = {Computer},
  title        = {Using the WINWIN Spiral Model: A Case Study},
  number       = {7},
  pages        = {33-44},
  volume       = {31},
}

@Article{Wil93,
  author       = {N Wilde and R Huitt},
  date         = {1993},
  journaltitle = {IEEE Software},
  title        = {Maintaining Object-Oriented Software},
  pages        = {75-80},
}

@Misc{Boe00a,
  author    = {B Boehm},
  date      = {2000},
  title     = {Software Cost Estimation in COCOMO II},
  publisher = {Prentice Hall},
}

@Article{Wil97,
  author       = {R Williams and J Walker and A Dorofee},
  date         = {1997},
  journaltitle = {IEEE Software},
  title        = {Putting Risk Management into Practice},
  pages        = {75-81},
}

@Article{Boe01b,
  author       = {B Boehm},
  date         = {2001},
  journaltitle = {CrossTalk},
  title        = {The Spiral Model as a Tool for Evolutionary Software Acquisition},
}

@Article{Wil99,
  author    = {T Wilkens},
  date      = {1999-01},
  title     = {Earned Value, Clear and Simple},
  pages     = {2},
  booktitle = {Primavera Systems},
}

@Article{Wil00,
  author       = {L Williams and R Kessler},
  date         = {2000},
  journaltitle = {CACM},
  title        = {All I Really Need to Know about Pair Programming ILearned in Kindergarten},
  number       = {5},
  volume       = {43},
}

@Article{Boe01c,
  author       = {B Boehm and V Basili},
  date         = {2001},
  journaltitle = {IEEE Computer},
  title        = {Software Defect Reduction Top 10 List},
  number       = {1},
  pages        = {135-137},
  volume       = {34},
}

@Article{Boe08a,
  author       = {B Boehm},
  date         = {2008},
  journaltitle = {IEEE Computer},
  title        = {Making a Difference in the Software Century},
  number       = {3},
  pages        = {32-38},
  volume       = {41},
}

@Article{Wil05,
  author       = {M Willoughby},
  date         = {2005-03-21},
  journaltitle = {Computerworld},
  title        = {Q&A: Quality Software Means More Secure Software},
  day          = {21},
}

@Article{Boh66a,
  author       = {C Bohm and G Jacopini},
  date         = {1966},
  journaltitle = {CACM},
  title        = {Flow Diagrams, Turing Machines and Languages with OnlyTwo Formation Rules},
  number       = {5},
  pages        = {366-371},
  volume       = {9},
}

@Article{Win90,
  author       = {J Wing},
  date         = {1990},
  journaltitle = {IEEE Computer},
  title        = {A Specifier’s Introduction to Formal Methods},
  number       = {9},
  pages        = {8-24},
  volume       = {23},
}

@Misc{Boh00a,
  author    = {M Bohl and M Rynn},
  date      = {2000},
  title     = {Tools for Structured Design: An Introduction to Programming Logic},
  publisher = {Prentice Hall},
}

@Article{Wir71,
  author       = {N Wirth},
  date         = {1971},
  journaltitle = {CACM},
  title        = {Program Development by Stepwise Refinement},
  number       = {4},
  pages        = {221-227},
  volume       = {14},
}

@Misc{Boi04a,
  author    = {B Boi04] Boiko},
  date      = {2004},
  title     = {Content Management Bible},
  publisher = {Wiley},
}

@Misc{Bol02a,
  author = {C Boldyreff},
  date   = {2002},
  title  = {Environments to Support Collaborative Software Engineering},
}

@Misc{Wir90,
  author    = {R Wirfs-Brock and B Wilkerson and L Weiner},
  date      = {1990},
  title     = {Designing Object-Oriented Software},
  publisher = {Prentice Hall},
}

@Misc{Boo94a,
  author   = {G Booch},
  date     = {1994},
  title    = {Object-Oriented Analysis and Design},
  location = {Benjamin Cummings},
}

@Article{Woh94,
  author       = {C Wohlin and P Runeson},
  date         = {1994},
  journaltitle = {IEEE Trans.Software Engineering},
  title        = {Certification of Software Components},
  number       = {6},
  pages        = {494-499},
  volume       = {20},
}

@Misc{Boo05a,
  author    = {G Booch and J Rumbaugh and I Jacobsen},
  date      = {2005},
  title     = {The Unified Modeling Language User Guide},
  publisher = {Addison-Wesley},
}

@Misc{Boo08a,
  author = {G Booch},
  date   = {2008},
  title  = {Handbook of Software Architecture},
}

@Article{Yac03,
  author    = {S Yacoub},
  date      = {2003},
  booktitle = {Pattern-Oriented Analysis and Design},
  publisher = {Addison-Wesley},
}

@Misc{Bor01a,
  author    = {J Borchers},
  date      = {2001},
  title     = {A Pattern Approach to Interaction Design},
  publisher = {Wiley},
}

@Misc{You75,
  author    = {E Yourdon},
  date      = {1975},
  title     = {Techniques of Program Structure and Design},
  publisher = {Prentice Hall},
}

@Misc{Bos00a,
  author    = {J Bosch},
  date      = {2000},
  title     = {Design & Use of Software Architectures},
  publisher = {Addison-Wesley},
}

@Article{You79,
  author    = {E Yourdon and L Constantine},
  date      = {1979},
  booktitle = {Structured Design},
  publisher = {Prentice Hall},
}

@Article{Bra85a,
  author       = {J Bradley},
  date         = {1985},
  journaltitle = {Computerworld},
  title        = {The Science and Art of Debugging},
  pages        = {35-38},
}

@Article{Bra94a,
  author       = {M Bradac and D Perry and L Votta},
  date         = {1994},
  journaltitle = {IEEETrans. Software Engineering},
  title        = {Prototyping a Process Monitoring Experiment},
  number       = {10},
  pages        = {774-784},
  volume       = {20},
}

@Article{You95,
  author       = {E Yourdon},
  date         = {1995},
  journaltitle = {IEEE Software},
  title        = {When Good Enough Is Best},
  number       = {3},
  pages        = {79-81},
  volume       = {12},
}

@Misc{You01,
  author    = {R Young},
  date      = {2001},
  title     = {Effective Requirements Practices},
  publisher = {Addison-Wesley},
}

@Misc{Bre02a,
  author = {P Breen},
  date   = {2002-02},
  title  = {Exposing the Fallacy of},
}

@Article{Zah90,
  author       = {R Zahniser},
  date         = {1990-07},
  journaltitle = {American Programmer},
  title        = {Building Software in Groups},
  number       = {7-8},
  volume       = {3},
}

@Misc{Bro95a,
  author    = {F Brooks},
  date      = {1995},
  title     = {The Mythical Man-Month},
  publisher = {Addison-Wesley},
}

@Misc{Bro96a,
  author    = {A Brown and K Wallnau},
  date      = {1996},
  title     = {Engineering of Component Based Systems,”Component-Based Software Engineering},
  pages     = {7-15},
  publisher = {IEEE Computer Society Press},
}

@Misc{Zah,
  author = {R Zahniser},
  title  = {Timeboxing for Top Team Performance,” Software Development, 31994},
  pages  = {35-38},
}

@Misc{Bro01a,
  author    = {B Brown},
  date      = {2001},
  title     = {Oracle9i Web Development},
  publisher = {McGraw-Hill},
}

@Misc{Zha02,
  author = {H Zhao},
  date   = {2002},
  title  = {Fitt’s Law: Modeling Movement Time in HCI},
}

@Article{Bro06a,
  author       = {M Broy},
  date         = {2006},
  journaltitle = {Informatics: Engineering Software IntensiveSystems},
  title        = {The ‘Grand Challenge},
  number       = {10},
  pages        = {72-80},
  volume       = {39},
}

@Misc{Zul92,
  author    = {R Zultner},
  date      = {1992},
  title     = {Quality Function Deployment for Software: Satisfying Customers},
  pages     = {28-41},
  publisher = {AmericanProgrammer},
}

@Article{Zus90,
  author    = {H Zuse},
  date      = {1990},
  booktitle = {Software Complexity: Measures and Methods, DeGruyter},
}

@Misc{Buc99a,
  author = {C Bucanac and null The},
  date   = {1999},
}

@Misc{Bud96a,
  author    = {T Budd},
  date      = {1996},
  title     = {An Introduction to Object-Oriented Programming},
  publisher = {Addison-Wesley},
}

@Misc{Zus97,
  author    = {H Zuse},
  date      = {1997},
  title     = {A Framework of Software Measurement},
  publisher = {DeGruyter},
}

@Article{Bus96a,
  author    = {F Buschmann},
  date      = {1996},
  booktitle = {Pattern-Oriented Software Architecture},
  publisher = {Wiley},
}

@Misc{Bus07a,
  author    = {F Buschmann},
  date      = {2007},
  title     = {Pattern-Oriented Software Architecture, A System of Patterns},
  publisher = {Wiley},
}

@InProceedings{Cac02a,
  author    = {C Cachero},
  booktitle = {Proc. 2nd Intl. Workshop on Web-Oriented Technology},
  date      = {2002},
  title     = {Conceptual Navigation Analysis: A Device and Platform Indepen-dent Navigation Specification},
}

@Misc{Cai03a,
  author = {Frarber Caine and Gordon Inc},
  date   = {2003},
}

@Article{Car90a,
  author    = {D Card and R Glass},
  date      = {1990},
  booktitle = {Measuring Software Design Quality},
  publisher = {Prentice Hall},
}

@Article{Cas89a,
  author       = {M Cashman},
  date         = {1989},
  journaltitle = {ACM Software Engineering Notes},
  title        = {Object Oriented Domain Analysis},
  number       = {6},
  pages        = {67},
  volume       = {14},
}

@InProceedings{Cav78a,
  author    = {J Cavano and J Mccall},
  booktitle = {Proc. ACM Software Quality Assurance Workshop},
  date      = {1978},
  title     = {A Framework for the Measurement of Software Quality},
  pages     = {133-139},
}

@InProceedings{Cec06a,
  author    = {A Cechich},
  booktitle = {Proc. Fifth Intl. Conf. onCOTS-Based Software Systems},
  date      = {2006},
  title     = {Trends on COTS Component Identification},
  publisher = {IEEE},
}

@Misc{Cha89a,
  author    = {R Charette},
  date      = {1989},
  title     = {Software Engineering Risk Analysis and Management},
  publisher = {McGraw-Hill/Intertext},
}

@Article{Cha92a,
  author       = {R Charette},
  date         = {1992},
  journaltitle = {American Programmer},
  title        = {Building Bridges over Intelligent Rivers},
  number       = {7},
  pages        = {2-9},
  volume       = {5},
}

@Misc{Cha93a,
  author    = {D De Champeaux and D Lea and P Faure},
  date      = {1993},
  title     = {Object-Oriented System Development},
  publisher = {Addison-Wesley},
}

@Misc{Cha03a,
  author = {A Chakravarti},
  date   = {2003},
  title  = {Online Software Design Pattern Links},
}

@Misc{Che77a,
  author = {P Chen},
  date   = {1977},
  title  = {The Entity-Relationship Approach to Logical Database Design, QED InformationSystems},
}

@Article{Chi94a,
  author       = {S Chidamber and C Kemerer},
  date         = {1994},
  journaltitle = {IEEETrans. Software Engineering},
  title        = {A Metrics Suite for Object-Oriented Design},
  number       = {6},
  pages        = {476-493},
  volume       = {20},
}

@InProceedings{Cho89a,
  author    = {S Choi and W Scacchi},
  booktitle = {Proc. 2nd Intl. Workshop on Software Configuration Management},
  date      = {1989},
  title     = {Assuring the Correctness of a Configured SoftwareDescription},
  location  = {Princeton, NJ},
  pages     = {66-75},
  publisher = {ACM},
}

@Article{Chu95a,
  author       = {N Churcher and M Shepperd},
  date         = {1995},
  journaltitle = {ACM Software Engineering Notes},
  title        = {Towards a Conceptual Framework for Object-Oriented Metrics},
  number       = {2},
  pages        = {69-76},
  volume       = {20},
}

@Misc{Cig07a,
  author = {Inc Cigital},
  date   = {2007},
  title  = {“Case Study: Finding Defects Earlier Yields Enormous Savings},
}

@Misc{Cla05a,
  author    = {S Clark and E Baniasaad},
  date      = {2005},
  title     = {Aspect-Oriented Analysis and Design},
  publisher = {Addison-Wesley},
}

@Article{Cle95a,
  author       = {P Clements},
  date         = {1995},
  journaltitle = {American Programmer},
  title        = {From Subroutines to Subsystems: Component Based Software Develop-ment},
  number       = {11},
  volume       = {8},
}

@Article{Cle03a,
  author    = {P Clements and R Kazman and M Klein},
  date      = {2003},
  booktitle = {Evaluating Software Architectures: Methods andCase Studies},
  publisher = {Addison-Wesley},
}

@Article{Cle06a,
  author       = {R Clemmons},
  date         = {2006},
  journaltitle = {CrossTalk},
  title        = {Project Estimation with Use Case Points},
  pages        = {18-222},
}

@Article{Coa91a,
  author    = {P Coad and E Yourdon},
  date      = {1991},
  booktitle = {Object-Oriented Analysis},
  publisher = {Prentice Hall},
}

@Misc{Coa99a,
  author    = {P Coad and E Lefebvre and J Deluca},
  date      = {1999},
  title     = {Java Modeling in Color with UML},
  publisher = {Prentice Hall},
}

@Article{Coc01b,
  author       = {A Cockburn and J Highsmith},
  date         = {2001},
  journaltitle = {IEEE Computer},
  title        = {Agile Software Development: The People Factor},
  number       = {11},
  pages        = {131-133},
  volume       = {34},
}

@Misc{Coc01c,
  author    = {A Cockburn},
  date      = {2001},
  title     = {Writing Effective Use-Cases},
  publisher = {Addison-Wesley},
}

@Misc{Coc02a,
  author    = {A Cockburn},
  date      = {2002},
  title     = {Agile Software Development},
  publisher = {Addison-Wesley},
}

@Article{Coc04a,
  author       = {A Cockburn},
  date         = {2004},
  journaltitle = {CrossTalk},
  title        = {What the Agile Toolbox Contains},
}

@Misc{Coc05a,
  author    = {A Cockburn and Crystal Clear},
  date      = {2005},
  publisher = {Addison-Wesley},
}

@Misc{Con96a,
  author    = {R Conradi},
  date      = {1996},
  title     = {Software Process Improvement: Why We Need SPIQ},
  publisher = {NTNU},
}

@Article{Con02a,
  author       = {R Conradi and A Fuggetta},
  date         = {2002-07},
  journaltitle = {IEEESoftware},
  title        = {Improving Software Process Improvement},
  pages        = {2-9},
}

@Misc{Con93a,
  author = {L Constantine},
  date   = {1993},
  title  = {Work Organization: Paradigms for Project Management and Organi-zation, CACM},
  number = {10},
  pages  = {34-43},
  volume = {36},
}

@Article{Con95a,
  author       = {L Constantine},
  date         = {1995},
  journaltitle = {WindowsTech Journal},
  title        = {What DO Users Want? Engineering Usability in Software},
}

@Article{Con99a,
  author    = {L Constantine and L Lockwood},
  date      = {1999},
  booktitle = {Software for Use},
  publisher = {Addison-Wesley},
}

@Misc{Cop05a,
  author = {J Coplien},
  date   = {2005},
  title  = {Software Patterns},
}

@Article{Cor98a,
  author    = {R Corfman},
  date      = {1998},
  title     = {An Overview of Patterns},
  booktitle = {The Patterns Handbook, SIGS Books},
}

@Article{Cou00a,
  author    = {G Coulouris and J Dollimore and T Kindberg},
  date      = {2000},
  booktitle = {Distributed Systems: Concepts and Design},
  publisher = {Addison-Wesley},
}

@Misc{Cox86a,
  author    = {Brad Cox},
  date      = {1986},
  title     = {Object-Oriented Programming},
  publisher = {Addison-Wesley},
}

@Misc{Chr92a,
  author = {M Christel and K Kang},
  date   = {1992},
  title  = {Issues in Requirements Elicitation,” Software Engineer-ing Institute},
}

@Misc{Cro79a,
  author    = {P Crosby},
  date      = {1979},
  title     = {Quality Is Free},
  publisher = {McGraw-Hill},
}

@Misc{Cro07a,
  author = {M Cross and M Fisher},
  date   = {2007},
  title  = {Developer’s Guide to Web Application Security, SyngressPublishing},
}

@Article{Cur94a,
  author       = {P Curritt and M Dyer and H Mills},
  date         = {1994},
  journaltitle = {IEEE Trans,Software Engineering},
  title        = {Certifying the Reliability of Software},
  number       = {1},
  volume       = {12},
}

@Article{Cur88a,
  author       = {B Curtis},
  date         = {1988},
  journaltitle = {IEEETrans. Software Engineering},
  title        = {A Field Study of the Software Design Process for Large Systems},
  number       = {11},
  pages        = {1268-1287},
}

@Article{Cur01a,
  author       = {B Curtis and W Hefley and S Miller},
  date         = {2001},
  journaltitle = {People Capability Maturity Model},
  publisher    = {Addison-Wesley},
}

@Article{Dah72a,
  author    = {O Dahl and E Dijkstra and C Hoare},
  date      = {1972},
  booktitle = {Structured Programming},
  publisher = {Academic Press},
}

@InProceedings{Dar91a,
  author    = {S Dart},
  booktitle = {Proc. Third InternationalWorkshop on Software Configuration Management, ACM SIGSOFT},
  date      = {1991},
  title     = {Concepts in Configuration Management Systems},
}

@InProceedings{Dar99a,
  author    = {S Dar99] Dart},
  booktitle = {Proc. Software ConfigurationManagement Symposium},
  date      = {1999},
  title     = {Change Management: Containing the Web Crisis},
  location  = {Toulouse, France},
}

@Misc{Dar01a,
  author = {S Dart},
  date   = {2001},
  title  = {Spectrum of Functionality in Configuration Management Systems, SoftwareEngineering Institute},
}

@Misc{Dasa,
  author = {R Dasari},
  title  = {Lean Software Development},
}

@Article{Dav90a,
  author       = {T Davenport and J Young},
  date         = {1990},
  journaltitle = {Sloan Management Review},
  title        = {The New Industrial Engineering: InformationTechnology and Business Process Redesign},
  pages        = {11-27},
  location     = {Summer},
}

@Article{Dav93a,
  author       = {A Davis},
  date         = {1993},
  journaltitle = {IEEE},
  title        = {Identifying and Measuring Quality in a Software RequirementsSpecification},
  pages        = {141-152},
  location     = {Baltimore, MD},
}

@Article{Dav95b,
  author    = {M Davis},
  date      = {1995},
  title     = {Process and Product: Dichotomy or Duality},
  number    = {2},
  pages     = {17-18},
  volume    = {20},
  booktitle = {Software Engineering Notes},
  publisher = {ACM Press},
}

@Misc{Dav95c,
  author    = {A Davis},
  date      = {1995},
  title     = {Principles of Software Development},
  publisher = {McGraw-Hill},
}

@TechReport{Day99a,
  author = {H Dayani-Fard},
  date   = {1999},
  title  = {Legacy Software Systems: Issues, Progress, and Challenges},
}

@Misc{Dem86a,
  author    = {W Deming},
  date      = {1986},
  title     = {Out of the Crisis},
  publisher = {MIT Press},
}

@Misc{Dem79a,
  author    = {T Demarco},
  date      = {1979},
  title     = {Structured Analysis and System Specification},
  publisher = {Prentice Hall},
}

@Misc{Dem95a,
  author = {T Demarco},
  date   = {1995},
  title  = {Why Does Software Cost So Much? Dorset House},
}

@Misc{Dem98a,
  author   = {T Demarco and T Lister and Peopleware null},
  date     = {1998},
  location = {Dorset House},
}

@Article{Dem02a,
  author       = {T Demarco and B Boehm},
  date         = {2002},
  journaltitle = {IEEE Computer},
  title        = {The Agile Methods Fray},
  number       = {6},
  pages        = {90-92},
  volume       = {35},
}

@Article{Den73a,
  author    = {J Dennis and null Modularity},
  date      = {1973},
  editor    = {F. L. Bauer},
  pages     = {128-182},
  booktitle = {Advanced Course on Software Engineering},
  publisher = {Springer-Verlag},
}

@Article{Dev01a,
  author    = {V Devedzik},
  date      = {2001},
  title     = {Software Patterns},
  booktitle = {Handbook of Software Engineering and KnowledgeEngineering},
  publisher = {World Scientific Publishing Co},
}

@Article{Dha95a,
  author       = {H Dhama},
  date         = {1995},
  journaltitle = {Journal ofSystems and Software},
  title        = {Quantitative Metrics for Cohesion and Coupling in Software},
  number       = {4},
  volume       = {29},
}

@InProceedings{Dij65a,
  author    = {E Dijkstra},
  booktitle = {Proc. 1965 IFIP Congress},
  date      = {1965},
  title     = {Programming Considered as a Human Activity},
  publisher = {North-Holland Publishing Co},
}

@Article{Dij72a,
  author       = {E Dijkstra},
  date         = {1972},
  journaltitle = {ACM Turing Award Lecture, CACM},
  title        = {The Humble Programmer},
  number       = {10},
  pages        = {859-866},
  volume       = {15},
}

@Misc{Dij76b,
  author    = {E Dijkstra},
  editor    = {J. Buxton et al.},
  date      = {1976},
  title     = {Structured Programming,” in Software Engineering, Concepts andTechniques},
  publisher = {Van Nostrand-Reinhold},
}

@Misc{Dij76c,
  author    = {E Dijkstra},
  date      = {1976},
  title     = {A Discipline of Programming},
  publisher = {Prentice Hall},
}

@Article{Dij82a,
  author    = {E Dijksta},
  date      = {1982},
  title     = {On the Role of Scientific Thought},
  booktitle = {Selected Writings on Computing: A PersonalPerspective},
  publisher = {Springer-Verlag},
}

@InProceedings{Dix99a,
  author    = {A Dix},
  booktitle = {Proc. User Interfaces to Data SystemsConference},
  date      = {1999},
  title     = {Design of User Interfaces for the Web},
}

@Article{Dob04a,
  author    = {F Dobb},
  date      = {2004},
  booktitle = {ISO 9001:2000 Quality Registration Step-by-Step},
  publisher = {Butterworth-Heinemann},
}

@Misc{Don99a,
  author = {G Donahue and S Weinschenck and J Nowicki},
  date   = {1999},
  title  = {Usability Is Good Business},
}

@Misc{Dre99a,
  author = {S Dreilinger},
  date   = {1999},
  title  = {CVS Version Control for Web Site Projects},
}

@Misc{Dru75a,
  author = {P Drucker and W Management and null Heinemann},
  date   = {1975},
}

@Article{Duc01a,
  author    = {K Ducatel},
  date      = {2001},
  booktitle = {Scenarios for Ambient Intelligence in 2010, ISTAG-EuropeanCommission},
}

@Article{Dun82a,
  author       = {R Dunn and R Ullman},
  date         = {1982},
  journaltitle = {Quality Assurance for Computer Software},
  location     = {McGraw-Hill},
}

@Misc{Duna,
  author = {D Dunaway and S Masters},
  title  = {CMM-Based Appraisal for Internal Process Improvement},
}

@Misc{Dun02a,
  author   = {W Dunn},
  date     = {2002},
  title    = {Practical Design of Safety-Critical Computer Systems},
  location = {William Dunn},
}

@Misc{Van02a,
  author    = {D Vanduyne and J Landay and J Hong},
  date      = {2002},
  title     = {The Design of Sites},
  publisher = {Addison-Wesley},
}

@Misc{Dye92a,
  author    = {M Dyer},
  date      = {1992},
  title     = {The Cleanroom Approach to Quality Software Development},
  publisher = {Wiley},
}

@Article{Edg95a,
  author       = {J Edgemon},
  date         = {1995},
  journaltitle = {Application Development Trends},
  title        = {Right Stuff: How to Recognize It When Selecting a Project Manager},
  number       = {5},
  pages        = {37-42},
  volume       = {2},
}

@Misc{Eji91a,
  author    = {L Ejiogu},
  date      = {1991},
  title     = {Software Engineering with Formal Metrics},
  publisher = {QED Publishing},
}

@Article{Elr01a,
  author       = {T Elrad and R Filman and A Bader},
  date         = {2001},
  journaltitle = {Comm. ACM},
  title        = {Aspect Oriented Programming},
  number       = {10},
  volume       = {44},
}

@Misc{Eri05a,
  author    = {C Ericson},
  date      = {2005},
  title     = {Hazard Analysis Techniques for System Safety},
  publisher = {Wiley-Interscience},
}

@Misc{Eri08a,
  author = {T Erickson},
  date   = {2008},
  title  = {The Interaction Design Patterns Page},
}

@Misc{Eva03a,
  author    = {E Evans},
  date      = {2003},
  title     = {Domain Driven Design},
  publisher = {Addison-Wesley},
}

@Article{Fag86a,
  author       = {M Fagan},
  date         = {1986},
  journaltitle = {IEEE Trans. Software Engineering},
  title        = {Advances in Software Inspections},
  number       = {6},
  volume       = {12},
}

@Article{Fel89a,
  author       = {L Felican and G Zalateu},
  date         = {1989},
  journaltitle = {IEEETrans. Software Engineering},
  title        = {Validating Halstead’s Theory for Pascal Programs},
  number       = {2},
  pages        = {1630-1632},
  volume       = {15},
}

@Misc{Fen91a,
  author    = {N Fenton and Software Metrics},
  date      = {1991},
  publisher = {Chapman and Hall},
}

@Article{Fen94a,
  author       = {N Fenton},
  date         = {1994},
  journaltitle = {IEEE Trans. SoftwareEngineering},
  title        = {Software Measurement: A Necessary Scientific Basis},
  number       = {3},
  pages        = {199-206},
  volume       = {20},
}

@Article{Fer97a,
  author       = {P Ferguson},
  date         = {1997},
  journaltitle = {IEEE Computer},
  title        = {Results of Applying the Personal Software Process},
  number       = {5},
  pages        = {24-31},
  volume       = {30},
}

@Article{Fer98a,
  author       = {P Ferdinandi},
  date         = {1998},
  journaltitle = {IEEE Software},
  title        = {Facilitating Communication},
  pages        = {92-96},
}

@InProceedings{Fer00a,
  author    = {E Fernandez and X Yuan},
  booktitle = {Proceedings of the 19th Int.Conf. on Conceptual Modeling, ER2000, Lecture Notes in Computer Science},
  date      = {2000},
  title     = {Semantic Analysis Patterns},
  pages     = {183-195},
  publisher = {Springer},
}

@Misc{Fir93a,
  author    = {D Firesmith},
  date      = {1993},
  title     = {Object-Oriented Requirements Analysis and Logical Design},
  publisher = {Wiley},
}

@Article{Fis06a,
  author    = {R Fisher and D Shapiro},
  date      = {2006},
  booktitle = {Beyond Reason: Using Emotions as You Negotiate},
  location  = {Penguin},
}

@Article{Fit54a,
  author       = {P Fitts},
  date         = {1954},
  journaltitle = {Journal of Experimental Psychology},
  title        = {The Information Capacity of the Human Motor System in Controlling theAmplitude of Movement},
  pages        = {381-391},
  volume       = {47},
}

@Article{Fle98a,
  author       = {Q Fleming and J Koppelman},
  date         = {1998},
  journaltitle = {CrossTalk},
  title        = {Earned Value Project Management},
  number       = {7},
  pages        = {19},
  volume       = {11},
}

@Misc{Fos06a,
  author = {E Foster},
  date   = {2006-02},
  title  = {Quality Culprits,” InfoWorld Grip Line Weblog},
}

@Misc{Fow97a,
  author    = {M Fowler},
  date      = {1997},
  title     = {Analysis Patterns: Reusable Object Models},
  publisher = {Addison-Wesley},
}

@Misc{Fow00a,
  author    = {M Fowler},
  date      = {2000},
  title     = {Refactoring: Improving the Design of Existing Code},
  publisher = {Addison-Wesley},
}

@Misc{Fow01a,
  author = {M Fowler and J Highsmith},
  date   = {2001},
  title  = {The Agile Manifesto,” Software Development Magazine},
}

@Article{Fow03a,
  author       = {M Fowler},
  date         = {2003},
  journaltitle = {Patterns of Enterprise Application Architecture},
  publisher    = {Addison-Wesley},
}

@Misc{Fow04a,
  author    = {M Fowler and null Uml Distilled},
  date      = {2004},
  publisher = {Addison-Wesley},
}

@Article{Fra93a,
  author       = {P Frankl and S Weiss},
  date         = {1993},
  journaltitle = {IEEE Trans. Software Engineering},
  title        = {An Experimental Comparison of the Effectiveness of BranchTesting and Data Flow},
  number       = {8},
  pages        = {770-787},
  volume       = {19},
}

@TechReport{Fra03a,
  author = {A Francois},
  date   = {2003},
  title  = {Software Architecture for Immersipresence},
}

@Article{Fre80a,
  author    = {P Freeman},
  date      = {1980},
  title     = {The Context of Design},
  editor    = {P. Freemanand A. Wasserman},
  pages     = {2-4},
  booktitle = {Software Design Techniques},
  publisher = {IEEE Computer Society Press},
}

@Article{Fre90a,
  author    = {D Freedman and G Weinberg},
  date      = {1990},
  booktitle = {Handbook of Walkthroughs, Inspections andTechnical Reviews},
  location  = {Dorset House},
}

@Misc{Gag04a,
  author   = {D Gage and J Mccormick},
  date     = {2004-04},
  title    = {We Did Nothing Wrong},
  location = {Baseline Magazine},
}

@TechReport{Gai95a,
  author   = {B Gaines},
  date     = {1995},
  title    = {Modeling and Forecasting the Information Sciences},
  location = {Calgary, Alberta},
}

@Misc{Gam95a,
  author    = {E Gamma},
  date      = {1995},
  title     = {Design Patterns: Elements of Reusable Object-Oriented Software},
  publisher = {Addison-Wesley},
}

@Article{Gar84a,
  author       = {D Garvin},
  date         = {1984},
  journaltitle = {Sloan Management Review},
  title        = {What Does ‘Product Quality’ Really Mean?},
  pages        = {25-45},
}

@Article{Gar87a,
  author       = {D Garvin},
  date         = {1987},
  journaltitle = {Harvard Business Review},
  title        = {Competing on the Eight Dimensions of Quality},
  pages        = {101-109},
}

@Article{Gar95a,
  author       = {D [gar95] Garlan and M Shaw},
  date         = {1995},
  journaltitle = {Advances inSoftware Engineering and Knowledge Engineering},
  title        = {An Introduction to Software Architecture},
  editor       = {I (V. Ambriola and G. Tortora},
  publisher    = {World Scientific Publishing Company},
}

@Article{Gau89a,
  author    = {D Gause and G Weinberg},
  date      = {1989},
  booktitle = {Exploring Requirements: Quality Before Design},
  location  = {DorsetHouse},
}

@TechReport{Gey01a,
  author = {A Geyer-Schulz and M Hahsler},
  date   = {2001},
  title  = {Software Engineering with Analysis Patterns},
}

@Article{Gil88a,
  author    = {T Gilb},
  date      = {1988},
  booktitle = {Principles of Software Project Management},
  publisher = {Addison-Wesley},
}

@Article{Gil95a,
  author    = {T Gilb},
  date      = {1995},
  title     = {What We Fail to Do in Our Current Testing Culture},
  booktitle = {Testing Techniques Newslet-ter},
  location  = {Software Research},
}

@Misc{Gil06a,
  author = {D Gillis},
  date   = {2006},
  title  = {Pattern-Based Design,” tehan + lax blog},
  pages  = {96},
}

@Article{Gla98a,
  author       = {R Glass},
  date         = {1998},
  journaltitle = {IEEE Software},
  title        = {Defining Quality Intuitively},
  pages        = {103-104},
  volume       = {107},
}

@Misc{Gla02a,
  author    = {M Gladwell},
  date      = {2002},
  title     = {The Tipping Point},
  publisher = {Back Bay Books},
}

@Article{Gli07a,
  author       = {M Glinz and R Wieringa},
  date         = {2007-03},
  journaltitle = {IEEE Software},
  title        = {Stakeholders in Requirements Engineering},
  number       = {2},
  pages        = {18-20},
  volume       = {24},
}

@Misc{Glu94a,
  author = {D Gluch},
  date   = {1994},
  title  = {A Construct for Describing Software Development Risks},
}

@InProceedings{Gna99a,
  author    = {C Gnaho and F Larcher},
  booktitle = {Proc. 1st ICSE Workshop on Web Engineering},
  date      = {1999},
  title     = {A User-Centered Methodology for Complex and Customiz-able Web Engineering},
  location  = {Los Angeles},
  publisher = {ACM},
}

@Misc{Gona,
  author = {R Gonzales},
  title  = {Requirements Engineering,” Sandia National Laboratories, a slide pres-entation, available at www},
}

@Misc{Gor02a,
  author    = {B Gordon and M Gordon},
  date      = {2002},
  title     = {The Complete Guide to Digital Graphic Design},
  publisher = {Watson-Guptill},
}

@Misc{Gor06a,
  author    = {I Gorton},
  date      = {2006},
  title     = {Essential Software Architecture},
  publisher = {Springer},
}

@Article{Gra87a,
  author    = {R Grady and D Caswell},
  date      = {1987},
  booktitle = {Software Metrics: Establishing a Company-Wide Program},
  publisher = {Prentice Hall},
}

@Misc{Gra92a,
  author    = {R Grady},
  date      = {1992},
  title     = {Practical Software Metrics for Project Management and Process Improvement},
  publisher = {Prentice Hall},
}

@Article{Gra99a,
  author       = {R [gra99] Grable},
  date         = {1999},
  journaltitle = {IEEE Software},
  title        = {Metrics for Small Projects: Experiences at SED},
  pages        = {21-29},
}

@Misc{Gra03a,
  author    = {J Gradecki and N Lesiecki},
  date      = {2003},
  title     = {Mastering AspectJ: Aspect-Oriented Programming in Java},
  publisher = {Wiley},
}

@Misc{Gru02a,
  author = {J Grundy},
  date   = {2002},
  title  = {Aspect-Oriented Component Engineering},
}

@InProceedings{Gus89a,
  author    = {A Gustavsson},
  booktitle = {Proc. 2nd Intl. Workshop on Software Configuration Management},
  date      = {1989},
  title     = {Maintaining the Evolution of Software Objects in an Integrated Envi-ronment},
  location  = {Princeton,NJ},
  pages     = {114-117},
  publisher = {ACM},
}

@Misc{Gut93a,
  author    = {J Guttag and J Horning},
  date      = {1993},
  title     = {Larch: Languages and Tools for Formal Specification},
  publisher = {Springer-Verlag},
}

@Misc{Hac98a,
  author    = {J Hackos and J Redish},
  date      = {1998},
  title     = {User and Task Analysis for Interface Design},
  publisher = {Wiley},
}

@Article{Hai02a,
  author       = {B Hailpern and P Santhanam},
  date         = {2002},
  journaltitle = {IBMSystems Journal},
  title        = {Software Debugging, Testing and Verification},
  number       = {1},
  volume       = {41},
}

@Misc{Hal77a,
  author   = {M Halstead},
  date     = {1977},
  title    = {Elements of Software Science},
  location = {North-Holland},
}

@Article{Hal90a,
  author       = {A Hall},
  date         = {1990},
  journaltitle = {IEEE Software},
  title        = {Seven Myths of Formal Methods},
  pages        = {11-20},
}

@Misc{Hal98a,
  author    = {E Hall},
  date      = {1998},
  title     = {Managing Risk: Methods for Software Systems Development},
  publisher = {Addison-Wesley},
}

@Article{Har98b,
  author       = {P Harmon},
  date         = {1998},
  journaltitle = {Cutter IT Journal},
  title        = {Navigating the Distributed Components Landscape},
  number       = {2},
  pages        = {4-11},
  volume       = {11},
}

@Article{Har98c,
  author       = {R Harrison and S Counsell and R Nithi},
  date         = {1998},
  journaltitle = {IEEE Trans. Software Engineering},
  title        = {An Evaluation of the MOOD Set of Object-Oriented Software Metrics},
  number       = {6},
  pages        = {491-496},
}

@Misc{Her00a,
  author    = {D Herrmann},
  date      = {2000},
  title     = {Software Safety and Reliability},
  publisher = {Wiley-IEEE Computer Society Press},
}

@Article{Het84a,
  author       = {W Hetzel},
  date         = {1984},
  journaltitle = {QED Information Sciences},
  title        = {The Complete Guide to Software Testing},
}

@Misc{Het93a,
  author    = {W Hetzel},
  date      = {1993},
  title     = {Making Software Measurement Work},
  publisher = {QED Publishing},
}

@Article{Hev93a,
  author       = {A Hevner and H Mills},
  date         = {1993},
  journaltitle = {IBM Systems Journal},
  title        = {Box Structure Methods for System Development withObjects},
  number       = {2},
  pages        = {232-251},
  volume       = {31},
}

@Misc{Hig95a,
  author = {R Higuera},
  editor = {CrossTalk, U.S. Dept. of Defense},
  date   = {1995},
  title  = {Team Risk Management},
  pages  = {2-4},
}

@Misc{Hig00a,
  author    = {J Highsmith},
  date      = {2000},
  title     = {Adaptive Software Development: An Evolutionary Approach to ManagingComplex Systems},
  publisher = {Dorset House Publishing},
}

@Article{Hig01a,
  author       = {J Highsmith},
  date         = {2001},
  journaltitle = {Cutter IT Journal},
  title        = {The Great Methodologies Debate: Part 1},
  number       = {12},
  volume       = {14},
}

@Article{Hig02b,
  author       = {J Highsmith},
  date         = {2002},
  journaltitle = {Cutter IT Journal},
  title        = {The Great Methodologies Debate: Part 2},
  number       = {1},
  volume       = {15},
}

@Misc{Hig02c,
  author    = {J Highsmith},
  date      = {2002},
  title     = {Agile Software Development Ecosystems},
  publisher = {Addison-Wesley},
}

@Article{Hil05a,
  author       = {S Hildreth},
  date         = {2005-07},
  journaltitle = {Computerworld},
  title        = {Buggy Software: Up from a Low Quality Quagmire},
}

@Misc{Hob06a,
  author    = {S Hoberman},
  date      = {2006},
  title     = {Data Modeling Made Simple},
  publisher = {Technics Publications},
}

@Article{Hof00a,
  author       = {C Hofmeister and R Nord and D Soni},
  date         = {2000},
  journaltitle = {Applied Software Architecture},
  publisher    = {Addison-Wesley},
}

@Misc{Hof01a,
  author = {C Hofmann},
  date   = {2001},
  title  = {Approaches to Software Architecture},
}

@Misc{Hol06a,
  author    = {S Holzner},
  date      = {2006},
  title     = {Design Patterns for Dummies},
  publisher = {For Dummies Publishers},
}

@Misc{Hoo96a,
  author = {D Hooker},
  date   = {1996},
  title  = {Seven Principles of Software Development},
}

@Article{Hop90a,
  author       = {M Hopper},
  date         = {1990-05},
  journaltitle = {HarvardBusiness Review},
  title        = {Rattling SABRE, New Ways to Compete on Information},
}

@Article{Hor03a,
  author    = {J Horch},
  date      = {2003},
  booktitle = {Practical Guide to Software Quality Management},
  publisher = {Artech House},
}

@Misc{Hum95a,
  author    = {W Humphrey},
  date      = {1995},
  title     = {A Discipline for Software Engineering},
  publisher = {Addison-Wesley},
}

@Article{Hum96a,
  author       = {W Humphrey},
  date         = {1996-05},
  journaltitle = {IEEESoftware},
  title        = {Using a Defined and Measured Personal Software Process},
  number       = {3},
  pages        = {77-88},
  volume       = {13},
}

@Misc{Hum97a,
  author    = {W Humphrey},
  date      = {1997},
  title     = {Introduction to the Personal Software Process},
  publisher = {Addison-Wesley},
}

@Article{Hum98a,
  author       = {W Humphrey},
  date         = {1998},
  journaltitle = {CrossTalk},
  title        = {The Three Dimensions of Process Improvement, Part III: The TeamProcess},
}

@Misc{Hum00a,
  author    = {W Humphrey},
  date      = {2000},
  title     = {Introduction to the Team Software Process},
  publisher = {Addison-Wesley},
}

@Article{Hun99a,
  author    = {A Hunt and D Thomas and W Cunningham},
  date      = {1999},
  booktitle = {The Pragmatic Programmer},
  publisher = {Addison-Wesley},
}

@Misc{Hur83a,
  author = {R Hurley},
  date   = {1983},
  title  = {Decision Tables in Software Engineering},
}

@Article{Hya96a,
  author       = {L Hyatt and L Rosenberg},
  date         = {1996},
  journaltitle = {NASA SATC},
  title        = {A Software Quality Model and Metrics for IdentifyingProject Risks and Assessing Software Quality},
}

@Article{Ivo01a,
  author    = {M Ivory and R Sinha and M Hearst},
  date      = {2001},
  title     = {Empirically Validated Web Page Design Metrics},
  booktitle = {ACM SIGCHI’01},
}

@Misc{Jac75a,
  author    = {M Jackson},
  date      = {1975},
  title     = {Principles of Program Design},
  publisher = {Academic Press},
}

@Misc{Jac92a,
  author    = {I Jacobson},
  date      = {1992},
  title     = {Object-Oriented Software Engineering},
  publisher = {Addison-Wesley},
}

@Article{Jac99a,
  author    = {I Jacobson and G Booch and J Rumbaugh},
  date      = {1999},
  booktitle = {The Unified Software Development Process},
  publisher = {Addison-Wesley},
}

@Article{Jac02b,
  author       = {I Jacobson},
  date         = {2002},
  journaltitle = {Cutter IT Journal},
  title        = {A Resounding ‘Yes’ to Agile Processes-But Also More},
  number       = {1},
  pages        = {18-24},
  volume       = {15},
}

@Misc{Jac02c,
  author = {D Jacyntho and D Schwabe and G Rossi},
  date   = {2002},
  title  = {An Architecture for Structuring Complex WebApplications},
  volume = {478},
}

@Article{Jac04a,
  author    = {I Jacobson and P Ng},
  date      = {2004},
  booktitle = {Aspect-Oriented Software Development},
  publisher = {Addison-Wesley},
}

@Article{Jal04a,
  author       = {P Jalote},
  date         = {2004},
  journaltitle = {Journal of Systems and Software},
  title        = {Timeboxing: A Process Model for Iterative Software Development},
  number       = {2},
  pages        = {117-127},
  volume       = {70},
}

@Misc{Jay94a,
  author    = {Y Jaychandra},
  date      = {1994},
  title     = {Re-engineering the Networked Enterprise},
  publisher = {McGraw-Hill},
}

@Article{Jec06a,
  author    = {T Jech},
  date      = {2006},
  booktitle = {Set Theory},
  publisher = {Springer},
}

@Misc{Jon86a,
  author    = {C Jones},
  date      = {1986},
  title     = {Programming Productivity},
  publisher = {McGraw-Hill},
}

@Article{Jon91a,
  author    = {C Jones},
  date      = {1991},
  booktitle = {Systematic Software Development Using VDM},
  publisher = {Prentice Hall},
}

@Article{Jon96a,
  author       = {C Jones},
  date         = {1996},
  journaltitle = {American Programmer},
  title        = {How Software Estimation Tools Work},
  number       = {7},
  pages        = {19-27},
  volume       = {9},
}

@Misc{Jon98a,
  author    = {C Jones},
  date      = {1998},
  title     = {Estimating Software Costs},
  publisher = {McGraw-Hill},
}

@Misc{Jon04a,
  author = {C Jones},
  date   = {2004},
  title  = {Software Project Management Practices: Failure Versus Success},
}

@Misc{Kai02a,
  author = {J Kaiser},
  date   = {2002},
  title  = {Elements of Effective Web Design},
}

@Article{Kal03a,
  author    = {S Kalman},
  date      = {2003},
  booktitle = {Web Security Field Guide},
  publisher = {Cisco Press},
}

@Article{Kan93a,
  author    = {C Kaner and J Falk and H Nguyen},
  date      = {1993},
  booktitle = {Testing Computer Software},
  publisher = {Van Nostrand-Reinhold},
}

@Misc{Kan95a,
  author = {C Kan95] Kaner},
  date   = {1995},
  title  = {“Lawyers, Lawsuits, and Quality Related Costs},
}

@Article{Kan01a,
  author    = {C Kaner and null Pattern},
  date      = {2001},
  booktitle = {Scenario Testing” (draft)},
}

@Misc{Kar94a,
  author = {N Karten},
  date   = {1994},
  title  = {Managing Expectations, Dorset House},
}

@Misc{Kau95a,
  author   = {S Kauffman},
  date     = {1995},
  title    = {At Home in the Universe},
  location = {Oxford},
}

@Misc{Kaz98a,
  author = {R Kazman},
  date   = {1998},
  title  = {The Architectural Tradeoff Analysis Method, Software EngineeringInstitute},
}

@Article{Kaz03a,
  author       = {R Kazman and A Eden},
  date         = {2003},
  journaltitle = {Software Engineering Institute},
  title        = {Defining the Terms Architecture, Design, and Implementa-tion,” news@sei interactive},
  number       = {1},
  volume       = {6},
}

@Article{Kei98a,
  author       = {M Keil},
  date         = {1998},
  journaltitle = {CACM},
  title        = {A Framework for Identifying Software Project Risks},
  number       = {11},
  pages        = {76-83},
  volume       = {41},
}

@Article{Kel00a,
  author    = {D Kelly and R Oshana},
  date      = {2000},
  pages     = {801-807},
  volume    = {42},
  booktitle = {“Improving Software Quality Using Statistical Techniques,Information and Software Technology},
  publisher = {Elsevier},
}

@Article{Ker78a,
  author    = {B Kernighan and P Plauger},
  date      = {1978},
  booktitle = {The Elements of Programming Style},
  publisher = {McGraw-Hill},
}

@Article{Ker05a,
  author    = {J Kerievsky},
  date      = {2005},
  title     = {Industrial XP: Making XP Work in Large Organizations},
  number    = {2},
  volume    = {6},
  booktitle = {Cutter Consortium,Executive Report},
}

@Article{Kim04a,
  author       = {E Kim},
  date         = {2004},
  journaltitle = {Journal},
  title        = {A Manifesto for Collaborative Tools},
}

@TechReport{Kir94a,
  author = {S Kirani and W Tsai},
  date   = {1994},
  title  = {Specification and Verification of Object-Oriented Programs},
}

@Misc{Kiz05a,
  author    = {J Kizza},
  date      = {2005},
  title     = {Computer Network Security},
  publisher = {Springer},
}

@Misc{Knu98a,
  author    = {D Knuth},
  date      = {1998},
  title     = {The Art of Computer Programming, three volumes},
  publisher = {Addison-Wesley},
}

@InProceedings{Kon02a,
  author    = {S Konrad and B Cheng},
  booktitle = {Proceedingsof the 10th Anniversary IEEE Joint International Conference on Requirements Engineering},
  date      = {2002},
  title     = {Requirements Patterns for Embedded Systems},
  pages     = {127-136},
  publisher = {IEEE},
}

@Article{Kra88a,
  author       = {G Krasner and S Pope},
  date         = {1988-08},
  journaltitle = {Journal of Object-Oriented Programming},
  title        = {A Cookbook for Using the Model-View-Controller UserInterface Paradigm in Smalltalk-80},
  number       = {3},
  pages        = {26-49},
  volume       = {1},
}

@Article{Kra95a,
  author       = {R Kraul and L Streeter},
  date         = {1995},
  journaltitle = {” CACM},
  title        = {Coordination in Software Development},
  number       = {3},
  pages        = {69-81},
  volume       = {38},
}

@Article{Kru05a,
  author       = {P Krutchen},
  date         = {2005},
  journaltitle = {IEEE Software},
  title        = {Software Design in a Postmodern Era},
  number       = {2},
  pages        = {16-18},
  volume       = {22},
}

@Article{Kru06a,
  author       = {P Kruchten and H null},
  date         = {2006},
  journaltitle = {IEEE Software},
  title        = {Software Architectural” (special issue)},
  editor       = {Obbink, and J. Stafford},
  number       = {2},
  volume       = {23},
}

@Misc{Kur05a,
  author = {R Kurzweil},
  date   = {2005},
  title  = {The Singularity Is Near, Penguin Books},
}

@Misc{Kyb84a,
  author    = {H Kyburg},
  date      = {1984},
  title     = {Theory and Measurement},
  publisher = {Cambridge University Press},
}

@Article{Laa00a,
  author    = {S Laa00] Laakso},
  date      = {2000},
  title     = {Improved Scroll Bars},
  pages     = {97-98},
  booktitle = {CHI 2000 Conf. Proc., ACM},
}

@Article{Lai02a,
  author    = {A Laitenberger},
  date      = {2002},
  title     = {A Survey of Software Inspection Technologies},
  booktitle = {Handbook on Soft-ware Engineering and Knowledge Engineering},
  publisher = {World Scientific Publishing Company},
}

@Article{Lam01a,
  author       = {W Lam},
  date         = {2001},
  journaltitle = {IEEE IT},
  title        = {“Testing E-Commerce Systems: A Practical Guide},
  pages        = {19-28},
}

@Misc{Lan01a,
  author = {M Lange},
  date   = {2001},
  title  = {“It’s Testing Time! Patterns for Testing Software},
}

@TechReport{Lan02a,
  author   = {R Land},
  date     = {2002},
  title    = {A Brief Survey of Software Architecture},
  location = {Sweden},
}

@Article{Leh97b,
  author    = {M Lehman and L Belady},
  date      = {1997},
  booktitle = {Program Evolution: Processes of Software Change},
  publisher = {AcademicPress},
}

@InProceedings{Leh97c,
  author    = {M Lehman},
  booktitle = {Proceedings of the 4th International Software Metrics Symposium (METRICS ’97)},
  date      = {1997},
  title     = {Metrics and Laws of Software Evolution-The Nineties View},
  publisher = {IEEE},
}

@Article{Let01a,
  author    = {T Let01] Lethbridge and R Laganiere},
  date      = {2001},
  booktitle = {Object-Oriented Software Engineering: Practical SoftwareDevelopment Using UML and Java},
  publisher = {McGraw-Hill},
}

@Misc{Let03b,
  author = {T Let03a] Lethbridge},
  date   = {2003},
}

@Misc{Let03c,
  author = {T Let03b] Lethbridge},
  date   = {2003},
}

@Article{Lev95a,
  author    = {N Leveson},
  date      = {1995},
  booktitle = {Safeware: System Safety and Computers},
  publisher = {Addison-Wesley},
}

@Misc{Lev01a,
  author = {M Levinson},
  date   = {2001},
  title  = {Let’s Stop Wasting $78 billion a Year,” CIO Magazine},
}

@Article{Lew06a,
  author    = {R Lew06] Lewicki and B Barry and D Saunders},
  date      = {2006},
  booktitle = {Essentials of Negotiation},
  location  = {McGraw-Hill},
}

@Misc{Lie03a,
  author = {K Lieberherr and null Demeter},
  date   = {2003},
  title  = {Aspect-Oriented Programming},
}

@Article{Lin79a,
  author    = {R Lin79] Linger and H Mills and B Witt},
  date      = {1979},
  booktitle = {Structured Programming},
  publisher = {Addison-Wesley},
}

@InProceedings{Lin88a,
  author    = {R Linger and H Mills},
  booktitle = {Proc. COMPSAC ’88},
  date      = {1988},
  title     = {A Case Study in Cleanroom Software Engineering: TheIBM COBOL Structuring Facility},
  location  = {Chicago},
}

@Article{Lin94a,
  author       = {R Linger},
  date         = {1994},
  journaltitle = {IEEE Software},
  title        = {Cleanroom Process Model},
  number       = {2},
  pages        = {50-58},
  volume       = {11},
}

@Article{Lis88a,
  author       = {B Lis88] Liskov},
  date         = {1988},
  journaltitle = {SIGPLAN Notices},
  title        = {Data Abstraction and Hierarchy},
  number       = {5},
  volume       = {23},
}

@Article{Liu98a,
  author    = {K Liu},
  date      = {1998},
  booktitle = {Report on the First SEBPC Workshop on Legacy Systems,” Durham Uni-versity},
}

@Misc{Lon02a,
  author    = {D Longstreet},
  date      = {2002},
  title     = {Fundamental of Function Point Analysis},
  publisher = {Longstreet Consulting, Inc},
}

@Misc{Lor94a,
  author    = {M Lorenz and J Kidd},
  date      = {1994},
  title     = {Object-Oriented Software Metrics},
  publisher = {Prentice Hall},
}

@Misc{Maa07a,
  author = {O Maassen and S Stelting},
  date   = {2007},
  title  = {Creational Patterns: Creating Objects in an OO System},
}

@Article{Man81a,
  author       = {M Man81] Mantai},
  date         = {1981},
  journaltitle = {CACM},
  title        = {The Effect of Programming Team Structures on Programming Tasks},
  number       = {3},
  pages        = {106-113},
  volume       = {24},
}

@Misc{Man97a,
  author    = {T Mandel},
  date      = {1997},
  title     = {The Elements of User Interface Design},
  publisher = {Wiley},
}

@Misc{Mar94a,
  author    = {B Mar94] Marick},
  date      = {1994},
  title     = {The Craft of Software Testing},
  publisher = {Prentice Hall},
}

@Misc{Mara,
  author = {R Mar00] Martin},
  title  = {Design Principles and Design Patterns},
}

@Article{Mar01a,
  author    = {J Marciniak},
  date      = {2001},
  booktitle = {Encyclopedia of Software Engineering},
  publisher = {Wiley},
}

@Misc{Mar02a,
  author = {B Mar02] Marick},
  date   = {2002},
  title  = {Software Testing Patterns},
}

@Article{Mcc76a,
  author       = {T Mccabe},
  date         = {1976},
  journaltitle = {IEEE Trans. Software Engineering},
  title        = {A Software Complexity Measure},
  number       = {2},
  pages        = {308-320},
}

@Article{Mcc77a,
  author    = {J Mccall and P Richards and G Walters},
  date      = {1977},
  pages     = {55},
  booktitle = {Factors in Software Quality,” three volumes,NTIS AD-A049-014, 015},
}

@Article{Mcc94a,
  author       = {T Mccabe and A Watson},
  date         = {1994},
  journaltitle = {CrossTalk},
  title        = {Software Complexity},
  number       = {12},
  pages        = {5-9},
  volume       = {7},
}

@Article{Mcc96a,
  author       = {S Mcconnell},
  date         = {1996},
  journaltitle = {IEEE Software},
  title        = {Best Practices: Daily Build and Smoke Test},
  number       = {4},
  pages        = {143-144},
  volume       = {13},
}

@Misc{Mcc98a,
  author    = {S Mcconnell},
  date      = {1998},
  title     = {Software Project Survival Guide},
  publisher = {Microsoft Press},
}

@Article{Mcc99a,
  author       = {S Mcconnell},
  date         = {1999-03},
  journaltitle = {IEEE Software},
  title        = {Software Engineering Principles},
  number       = {2},
  volume       = {16},
}

@Misc{Mcc04a,
  author    = {S Mcconnell and null Code Complete},
  date      = {2004},
  publisher = {Microsoft Press},
}

@Article{Mcc89a,
  author       = {A Mccrory},
  journaltitle = {SeachCIO.com},
  title        = {Ten Technologies to Watch in 2006},
  year         = {2005},
}

@Article{Mcd93a,
  author    = {J Mcdermid and P Rook},
  date      = {1993},
  title     = {Software Development Process Models},
  pages     = {15-26},
  booktitle = {SoftwareEngineer’s Reference Book},
  publisher = {CRC Press},
}

@Article{Mcg91a,
  author       = {R Mcglaughlin},
  date         = {1991},
  journaltitle = {Software Engineering Notes},
  title        = {Some Notes on Program Design},
  number       = {4},
  pages        = {53-54},
  volume       = {16},
}

@Article{Mcg94a,
  author       = {J Mcgregor and T Korson},
  date         = {1994},
  journaltitle = {Communications of the ACM},
  title        = {Integrated Object-Oriented Testing and Develop-ment Processes},
  number       = {9},
  pages        = {59-77},
  volume       = {37},
}

@Article{Men01a,
  author       = {E Mendes and N Mosley and S Counsell},
  date         = {2001-01},
  journaltitle = {IEEEMultimedia},
  title        = {Estimating Design and Authoring Effort},
  number       = {1},
  pages        = {50-57},
  volume       = {8},
}

@Article{Mer93a,
  author       = {E Merlo},
  date         = {1993},
  journaltitle = {IEEE Software},
  title        = {Reengineering User Interfaces},
  pages        = {64-73},
}

@TechReport{Mil72a,
  author   = {H Mills},
  date     = {1972},
  title    = {Mathematical Foundations for Structured Programming},
  location = {Gaithersburg, MD},
}

@Article{Mil77a,
  author    = {E Miller},
  date      = {1977},
  title     = {The Philosophy of Testing},
  pages     = {1-3},
  booktitle = {Program Testing Techniques},
  publisher = {IEEE ComputerSociety Press},
}

@Article{Mil87a,
  author       = {H Mills and M Dyer and R Linger},
  date         = {1987},
  journaltitle = {IEEE Software},
  title        = {Cleanroom Software Engineering},
  pages        = {19-25},
}

@Article{Mil88a,
  author       = {H Mills},
  date         = {1988},
  journaltitle = {Computer},
  title        = {Stepwise Refinement and Verification in Box Structured Systems},
  number       = {6},
  pages        = {23-35},
  volume       = {21},
}

@Misc{Mil00b,
  author = {E Miller},
  date   = {2000},
  title  = {WebSite Testing},
}

@Misc{Mil00c,
  author = {A Mili and R null and Cowan null},
  date   = {2000-06},
  title  = {Software Engineering Technology Watch},
}

@Misc{Min95a,
  author    = {D Minoli},
  date      = {1995},
  title     = {Analyzing Outsourcing},
  publisher = {McGraw-Hill},
}

@Article{Mon84a,
  author    = {A Monk},
  date      = {1984},
  booktitle = {Fundamentals of Human-Computer Interaction},
  publisher = {Academic Press},
}

@Article{Mora,
  author       = {T Moran},
  journaltitle = {Intl. Journal of Man-Machine Studies},
  title        = {The Command Language Grammar: A Representation for the UserInterface of Interactive Computer Systems},
  pages        = {3-50},
  volume       = {15},
}

@Article{Mor05a,
  author       = {A Morales},
  date         = {2005-03},
  journaltitle = {Dr. Dobbs Portal},
  title        = {The Dream Team},
}

@Article{Mus87a,
  author    = {J Musa and A Iannino and K Okumoto},
  date      = {1987},
  booktitle = {Engineering and Managing Software withReliability Measures},
  publisher = {McGraw-Hill},
}

@Article{Mus93a,
  author       = {J Musa},
  date         = {1993},
  journaltitle = {IEEE Software},
  title        = {Operational Profiles in Software Reliability Engineering},
  pages        = {14-32},
}

@Article{Mut03a,
  author       = {B Mutafelija and H Stromberg},
  journaltitle = {CMMI},
  volume       = {9001},
  publisher    = {Artech},
  year         = {2003},
}

@Misc{Mye78a,
  author    = {G Myers},
  date      = {1978},
  title     = {Composite Structured Design},
  publisher = {Van Nostrand},
}

@Misc{Mye79a,
  author    = {G Myers},
  date      = {1979},
  title     = {The Art of Software Testing},
  publisher = {Wiley},
}

@Article{Ngu00a,
  author    = {H Nguyen},
  date      = {2000-05},
  title     = {Testing Web-Based Applications},
  booktitle = {Software Testing and Quality Engineer-ing},
}

@Misc{Ngu01a,
  author    = {H Nguyen},
  date      = {2001},
  title     = {Testing Applications on the Web},
  publisher = {Wiley},
}

@InProceedings{Ngu06a,
  author    = {T Nguyen},
  booktitle = {Proc. 15th Intl. World Wide Web Conf},
  date      = {2006},
  title     = {Model-Based Version and Configuration Management for a Web Engi-neering Lifecycle},
  location  = {Edinburg, Scotland},
}

@Article{Nie92a,
  author       = {O Nierstrasz and S Gibbs and D Tsichritzis},
  date         = {1992},
  journaltitle = {CACM},
  title        = {Component-Oriented Software Develop-ment},
  number       = {9},
  pages        = {160-165},
  volume       = {35},
}

@Article{Nie94a,
  author       = {J Nielsen and J Levy},
  date         = {1994},
  journaltitle = {CACM},
  title        = {Measuring Usability: Preference vs. Performance},
  number       = {4},
  pages        = {65-75},
  volume       = {37},
}

@InProceedings{Nie96a,
  author    = {J Nielsen and A Wagner},
  booktitle = {Proc. CHI ’96 Conf. onHuman Factors in Computing Systems},
  date      = {1996},
  title     = {User Interface Design for the WWW},
  pages     = {330-331},
  publisher = {ACM Press},
}

@Misc{Nie00a,
  author    = {J Nielsen},
  date      = {2000},
  title     = {Designing Web Usability},
  publisher = {New Riders Publishing},
}

@Article{Nor70a,
  author    = {P Norden},
  date      = {1970},
  title     = {Useful Tools for Project Management},
  editor    = {Management of Production, M. K.Starr},
  booktitle = {Penguin Books},
}

@Article{Nor86a,
  author    = {D Norman},
  date      = {1986},
  title     = {Cognitive Engineering},
  booktitle = {User Centered Systems Design, LawrenceEarlbaum Associates},
}

@Misc{Nor88a,
  author   = {D Norman},
  date     = {1988},
  title    = {The Design of Everyday Things},
  location = {Doubleday},
}

@Article{Nov05a,
  author       = {O Novotny},
  date         = {2005},
  journaltitle = {The Architec-ture Journal},
  title        = {Next Generation Tools for Object-Oriented Development},
}

@Misc{Noy02a,
  author = {B Noyes},
  date   = {2002},
  title  = {Rugby, Anyone?” Managing Development (an online publication of FawcetteTechnical Publications)},
}

@Article{Off02a,
  author       = {J Offutt},
  date         = {2002},
  journaltitle = {IEEE Software},
  title        = {Quality Attributes of Web Software Applications},
  pages        = {25-32},
}

@InProceedings{Ols99a,
  author    = {L Olsina},
  booktitle = {Proc.1st ICSE Workshop on Web Engineering},
  date      = {1999},
  title     = {Specifying Quality Characteristics and Attributes for Web Sites},
  location  = {Los Angeles},
  publisher = {ACM},
}

@Article{Ols06a,
  author       = {G Olsen},
  date         = {2006},
  journaltitle = {Component Technologies, ACM},
  title        = {From COM to Common},
  number       = {5},
  volume       = {4},
}

@Article{Orf99a,
  author       = {R Orf99] Orfali and D Harkey and J Edwards},
  date         = {1999},
  journaltitle = {Client/Server Survival Guide},
  publisher    = {Wiley},
}

@Article{Osb90a,
  author       = {W Osborne and E Chikofsky},
  date         = {1990},
  journaltitle = {IEEESoftware},
  title        = {Fitting Pieces to the Maintenance Puzzle},
  pages        = {10-11},
}

@Misc{Ope08a,
  author = {null [oso08] Opensource and null Org},
  date   = {2008},
}

@Misc{Pag85a,
  author   = {M Page-Jones},
  date     = {1985},
  title    = {Practical Project Management},
  location = {Dorset House},
  pages    = {p. vii},
}

@Misc{Pal02a,
  author    = {S Palmer and J Felsing},
  date      = {2002},
  title     = {A Practical Guide to Feature Driven Development},
  publisher = {Prentice Hall},
}

@Article{Par72a,
  author       = {D Parnas},
  date         = {1972},
  journaltitle = {CACM},
  title        = {On Criteria to Be Used in Decomposing Systems into Modules},
  number       = {1},
  pages        = {221-227},
  volume       = {14},
}

@Misc{Par96b,
  author   = {W Pardee},
  date     = {1996},
  title    = {To Satisfy and Delight Your Customer},
  location = {Dorset House},
}

@Misc{Par96c,
  author = {R Park and W Goethert and W Florac},
  date   = {1996},
  title  = {Goal Driven Software Measurement-A Guidebook},
}

@Article{Pat07a,
  author       = {J Patton},
  date         = {2007},
  journaltitle = {IEEE Software},
  title        = {Understanding User Centricity},
  number       = {6},
  pages        = {9-11},
  volume       = {24},
}

@Article{Pau94a,
  author       = {D Paulish and A Carleton},
  date         = {1994},
  journaltitle = {Computer},
  title        = {Case Studies of Software Process Improvement Measure-ment},
  number       = {9},
  pages        = {50-57},
  volume       = {27},
}

@Misc{Per74a,
  author   = {R Persig},
  date     = {1974},
  title    = {Zen and the Art of Motorcycle Maintenance},
  location = {Bantam Books},
}

@Article{Pet06a,
  author       = {J Pethokoukis},
  date         = {2006},
  journaltitle = {U.S. News & World Report},
  title        = {Small Biz Watch: Future Business Trends},
}

@Misc{Pha89a,
  author    = {M Phadke},
  date      = {1989},
  title     = {Quality Engineering Using Robust Design},
  publisher = {Prentice Hall},
}

@Article{Pha97a,
  author       = {M Phadke},
  date         = {1997},
  journaltitle = {” CrossTalk},
  title        = {Planning Efficient Software Tests},
  number       = {10},
  pages        = {11-15},
  volume       = {10},
}

@Misc{Phi98a,
  author    = {D Phillips},
  date      = {1998},
  title     = {The Software Project Manager’s Handbook},
  publisher = {IEEE Computer Society Press},
}

@Misc{Phi02a,
  author = {M Phillips},
  date   = {2002},
  title  = {“CMMI V1.1 Tutorial},
}

@Misc{Pol45a,
  author    = {G Polya},
  date      = {1945},
  title     = {How to Solve It},
  publisher = {Princeton University Press},
}

@Misc{Poo88a,
  author    = {J Poore and H Mills},
  date      = {1988},
  title     = {Bringing Software Under Statistical Quality Control},
  pages     = {52-55},
  publisher = {Quality Progress},
}

@Article{Poo93a,
  author       = {J Poore and H Mills and D Mutchler},
  date         = {1993},
  journaltitle = {IEEE Software},
  title        = {Planning and Certifying Software SystemReliability},
  number       = {1},
  pages        = {88-99},
  volume       = {10},
}

@Article{Pop03a,
  author       = {M Poppendieck and T Poppendieck},
  date         = {2003},
  journaltitle = {Lean Software Development},
  publisher    = {Addison-Wesley},
}

@Article{Pop06a,
  author    = {M Poppendieck and T Poppendieck},
  date      = {2006},
  booktitle = {Implementing Lean Software Development},
  location  = {Addison-Wesley},
}

@Misc{Pop08a,
  author = {F Popcorn},
  date   = {2008},
  title  = {Faith Popcorn’s Brain Reserve},
}

@Article{Pow98a,
  author       = {T Powell},
  date         = {1998},
  journaltitle = {Web Site Engineering},
  publisher    = {Prentice Hall},
}

@Misc{Pow02a,
  author    = {T Powell and null Web Design},
  date      = {2002},
  publisher = {McGraw-Hill/Osborne},
}

@Article{Pre94a,
  author       = {W Premerlani and M Blaha},
  date         = {1994},
  journaltitle = {CACM},
  title        = {An Approach for Reverse Engineering of Relational Data-bases},
  number       = {5},
  pages        = {42-49},
  volume       = {37},
}

@Misc{Pre88a,
  author    = {R Pressman},
  date      = {1988},
  title     = {Making Software Engineering Happen},
  publisher = {Prentice Hall},
}

@Misc{Pre05a,
  author = {R Pressman},
  editor = {0, R. S. Pressman & Associates},
  date   = {2005},
  title  = {Adaptable Process Model, revision 2},
}

@Article{Pre08a,
  author    = {R Pressman and D Lowe},
  date      = {2008},
  booktitle = {Web Engineering: A Practitioner’s Approach},
  publisher = {McGraw-Hill},
}

@Article{Put78a,
  author       = {L Putnam},
  date         = {1978},
  journaltitle = {IEEE Trans. Software Engineering},
  title        = {A General Empirical Solution to the Macro Software Sizing and EstimationProblem},
  number       = {4},
  pages        = {345-361},
}

@Article{Put92a,
  author    = {L Putnam and W Myers},
  date      = {1992},
  booktitle = {Measures for Excellence},
  publisher = {Yourdon Press},
}

@Article{Put97b,
  author       = {L Putnam and W Myers},
  date         = {1997},
  journaltitle = {IEEE Software},
  title        = {How Solved Is the Cost Estimation Problem?},
  pages        = {105-107},
}

@Misc{Put97c,
  author    = {L Putnam and W Myers},
  date      = {1997},
  title     = {Industrial Strength Software: Effective Management UsingMeasurement},
  publisher = {IEEE Computer Society Press},
}

@Misc{Pyz03a,
  author    = {T Pyzdek},
  date      = {2003},
  title     = {The Six Sigma Handbook},
  publisher = {McGraw-Hill},
}

@Misc{Rad02a,
  author    = {R Radice},
  date      = {2002},
  title     = {High-Quality Low Cost Software Inspections},
  publisher = {Paradoxicon Publishing},
}

@Misc{Rai05a,
  author    = {H Raiffa},
  date      = {2005},
  title     = {The Art and Science of Negotiation},
  publisher = {Belknap Press},
}

@Article{Ree99a,
  author       = {J Reel},
  date         = {1999},
  journaltitle = {IEEE Software},
  title        = {Critical Success Factors in Software Projects},
  pages        = {18-23},
}

@Article{Ric01a,
  author       = {A Ricadel},
  date         = {2001},
  journaltitle = {InformationWeek},
  title        = {The State of Software Quality},
}

@Misc{Ric04a,
  author    = {D Rico},
  date      = {2004},
  title     = {ROI of Software Process Improvement},
  publisher = {J. Ross Publishing},
}

@Article{Roc94a,
  author       = {J Roche},
  date         = {1994},
  journaltitle = {Software EngineeringNotes, ACM},
  title        = {Software Metrics and Measurement Principles},
  number       = {1},
  pages        = {76-85},
  volume       = {19},
}

@Misc{Roe00a,
  author = {W Roetzheim},
  date   = {2000},
  title  = {Estimating Internet Development,” Software Development},
}

@Misc{Roo96a,
  author = {J Roos},
  date   = {1996},
  title  = {The Poised Organization: Navigating Effectively on Knowledge Landscapes},
}

@Article{Ros75a,
  author       = {D Ross and J Goodenough and C Irvine},
  date         = {1975},
  journaltitle = {IEEE Computer},
  title        = {Software Engineering: Process, Principles andGoals},
  number       = {5},
  volume       = {8},
}

@Misc{Ros04a,
  author = {L Rosenhainer},
  date   = {2004},
  title  = {Identifying Crosscutting Concerns in Requirements Specifications},
}

@InProceedings{Roy70a,
  author    = {W Royce},
  booktitle = {Proc. WESCON},
  date      = {1970},
  title     = {Managing the Development of Large Software Systems: Concepts andTechniques},
}

@Article{Roz05a,
  author    = {N Rozanski and E Woods},
  date      = {2005},
  booktitle = {Software Systems Architecture},
  publisher = {Addison-Wesley},
}

@Misc{Rub88a,
  author    = {T Rubin},
  date      = {1988},
  title     = {User Interface Design for Computer Systems},
  publisher = {Halstead Press (Wiley},
}

@Misc{Rum91a,
  author    = {J Rumbaugh},
  date      = {1991},
  title     = {Object-Oriented Modeling and Design},
  publisher = {Prentice Hall},
}

@Misc{Sar06a,
  author = {A Sarwate},
  date   = {2006-12},
  title  = {Hot or Not: Web Application Vulnerabilities,” SC Magazine},
}

@Article{Sca00a,
  author    = {W Scacchi},
  date      = {2000},
  title     = {Understanding Software Process Redesign Using Modeling, Analysis,and Simulation},
  pages     = {185-195},
  booktitle = {Software Process Improvement and Practice},
  publisher = {Wiley},
}

@Misc{Sce02a,
  author    = {D Sceppa and Ado Microsoft},
  date      = {2002},
  publisher = {NET, Microsoft Press},
}

@Article{Sch95a,
  author       = {D Schwabe and G Rossi},
  date         = {1995},
  journaltitle = {CACM},
  title        = {The Object-Oriented Hypermedia Design Model},
  number       = {8},
  pages        = {45-46},
  volume       = {38},
}

@Misc{Sch98b,
  author    = {G Schneider and J Winters},
  date      = {1998},
  title     = {Applying Use Cases},
  publisher = {Addison-Wesley},
}

@InProceedings{Sch98c,
  author    = {D Schwabe and G Rossi},
  booktitle = {Proc. Workshop on Hypermedia Development Process, Methods and Models, Hypertext ‘98},
  date      = {1998},
  title     = {Developing Hypermedia Applications Using OOHDM},
}

@Article{Sch99a,
  author       = {N Schneidewind},
  date         = {1999-11},
  journaltitle = {IEEE Trans. SE},
  title        = {Measuring and Evaluating Maintenance Process Using Reliability,Risk, and Test Metrics},
  number       = {6},
  pages        = {768-781},
  volume       = {25},
}

@Misc{Sch01b,
  author = {D Schwabe and G Rossi and S Barbosa},
  date   = {2001},
  title  = {Systematic Hypermedia Application DesignUsing OOHDM},
}

@Article{Sch01c,
  author    = {K Schwaber and M Beedle},
  date      = {2001},
  booktitle = {Agile Software Development with SCRUM},
  publisher = {Prentice Hall},
}

@Article{Sch02a,
  author       = {K Schwaber},
  date         = {2002},
  journaltitle = {Agile Alliance},
  title        = {Agile Processes and Self-Organization},
}

@Misc{Sch03a,
  author = {J Schlickman},
  date   = {2003},
  title  = {Quality Management System Design, Artech HousePublishers},
  volume = {9001},
}

@Article{Sch06a,
  author       = {D Schmidt},
  date         = {2006},
  journaltitle = {IEEE Computer},
  title        = {Model-Driven Engineering},
  number       = {2},
  pages        = {25-31},
  volume       = {39},
}

@Article{Sea93a,
  author       = {A Sears},
  date         = {1993},
  journaltitle = {IEEE Trans. Software Engineering},
  title        = {Layout Appropriateness: A Metric for Evaluating User Interface WidgetLayout},
  number       = {7},
  pages        = {707-719},
  volume       = {19},
}

@Article{Sha95b,
  author       = {M Shaw and D Garlan},
  date         = {1995},
  journaltitle = {Lecture Notes in Computer Science},
  title        = {Formulations and Formalisms in Software Architecture},
  volume       = {1000},
  publisher    = {Springer-Verlag},
}

@Article{Sha95c,
  author       = {M Shaw},
  date         = {1995},
  journaltitle = {IEEE Trans. Software Engineering},
  title        = {Abstractions for Software Architecture and Tools to Support Them},
  number       = {4},
  pages        = {314-335},
}

@Article{Sha96a,
  author       = {M Shaw and D Garlan},
  date         = {1996},
  journaltitle = {Software Architecture},
  publisher    = {Prentice Hall},
}

@Misc{Sha05a,
  author    = {A Shalloway and J Trott},
  date      = {2005},
  title     = {Design Patterns Explained},
  publisher = {Addison-Wesley},
}

@Misc{Shn80a,
  author    = {B Shneiderman},
  date      = {1980},
  title     = {Software Psychology},
  pages     = {28},
  publisher = {Winthrop Publishers},
}

@Misc{Shn04a,
  author    = {B Shneiderman and C Plaisant},
  date      = {2004},
  title     = {Designing the User Interface},
  publisher = {Addison-Wesley},
}

@Article{Sho83a,
  author    = {M Shooman},
  date      = {1983},
  booktitle = {Software Engineering},
  publisher = {McGraw-Hill},
}

@Article{Sim05a,
  author    = {G Simsion and G Witt},
  date      = {2005},
  booktitle = {Data Modeling Essentials},
  publisher = {Morgan Kaufman},
}

@Article{Sin99a,
  author    = {N Singpurwalla and S Wilson},
  date      = {1999},
  booktitle = {Statistical Methods in Software Engineering: Reliabilityand Risk},
  publisher = {Springer-Verlag},
}

@Article{Smi99a,
  author       = {J Smith},
  date         = {1999},
  journaltitle = {Rational Software Corp},
  title        = {The Estimation of Effort Based on Use Cases},
}

@Misc{Smi05a,
  author    = {D Smith and , Reliability and null Maintainability and null Risk},
  date      = {2005},
  publisher = {Butterworth-Heinemann},
}

@Article{Sne95a,
  author       = {H Sneed},
  date         = {1995},
  journaltitle = {IEEE Software},
  title        = {Planning the Reengineering of Legacy Systems},
  pages        = {24-25},
}

@Misc{Sne03a,
  author    = {R Snee and R Hoerl},
  date      = {2003},
  title     = {Leading Six Sigma},
  publisher = {Prentice Hall},
}

@Misc{Sol99a,
  author    = {R Van Solingen and E Berghout},
  date      = {1999},
  title     = {The Goal/Question/Metric Method},
  publisher = {McGraw-Hill},
}

@Article{Som97a,
  author       = {I Somerville and P Sawyer},
  date         = {1997},
  journaltitle = {Requirements Engineering},
  publisher    = {Wiley},
}

@Article{Som05a,
  author       = {I Somerville},
  date         = {2005-01},
  journaltitle = {IEEE Software},
  title        = {Integrating Requirements Engineering: A Tutorial},
  number       = {1},
  pages        = {16-23},
  volume       = {22},
}

@Misc{Spl01a,
  author    = {S Splaine and S Jaskiel},
  date      = {2001},
  title     = {The Web Testing Handbook},
  publisher = {STQE Publishing},
}

@Misc{Spo02a,
  author = {J Spolsky},
  date   = {2002},
  title  = {The Law of Leaky Abstractions},
}

@Misc{Sri01a,
  author = {M Sridhar and N Mandyam},
  date   = {2001},
  title  = {Effective Use of Data Models in Building WebApplications},
}

@Misc{Sta97b,
  author    = {J Stapleton},
  date      = {1997},
  title     = {DSDM-Dynamic System Development Method: The Method in Practice},
  publisher = {Addison-Wesley},
}

@Article{Sta97c,
  author       = {J Statz and D Oxley and P O’toole},
  date         = {1997},
  journaltitle = {CrossTalk},
  title        = {Identifying and Managing Risks for Software ProcessImprovement},
}

@Article{Ste74a,
  author       = {W Stevens and G Myers and L Constantine},
  date         = {1974},
  journaltitle = {IBM Systems Journal},
  title        = {Structured Design},
  number       = {2},
  pages        = {115-139},
  volume       = {13},
}

@Misc{Ste93a,
  author = {T Stewart},
  date   = {1993},
  title  = {Reengineering: The Hot New Managing Tool},
  pages  = {41-48},
}

@Article{Ste99a,
  author    = {D Stelzer and W Mellis},
  date      = {1999},
  title     = {Success Factors of Organizational Change in SoftwareProcess Improvement},
  number    = {4},
  volume    = {4},
  booktitle = {Software Process Improvement and Practice},
  publisher = {Wiley},
}

@Article{Ste03a,
  author       = {M Stephens and D Rosenberg},
  date         = {2003},
  journaltitle = {Extreme Programming Refactored},
  publisher    = {Apress},
}

@Misc{Sto05a,
  author    = {D Stone},
  date      = {2005},
  title     = {User Interface Design and Evaluation},
  publisher = {Morgan Kaufman},
}

@Article{Tai89a,
  author       = {K Tai},
  date         = {1989},
  journaltitle = {ACM Software Engineering Notes},
  title        = {What to Do Beyond Branch Testing},
  number       = {2},
  pages        = {58-61},
  volume       = {14},
}

@Misc{Tay90a,
  author    = {D Taylor},
  date      = {1990},
  title     = {Object-Oriented Technology: A Manager’s Guide},
  publisher = {Addison-Wesley},
}

@Article{Tha97a,
  author    = {R Thayer and M Dorfman},
  date      = {1997},
  booktitle = {Software Requirements Engineering},
  publisher = {IEEEComputer Society Press},
}

@InProceedings{The01a,
  author    = {T Thelin and H Petersson and C Wohlin},
  booktitle = {Proc. of Workshopon Inspection in Software Engineering (WISE’01)},
  date      = {2001},
  title     = {Sample Driven Inspections},
  location  = {Paris, France},
  pages     = {81-91},
}

@Article{Tho92a,
  author       = {R Thomsett},
  date         = {1992},
  journaltitle = {American Programmer},
  title        = {The Indiana Jones School of Risk Management},
  number       = {7},
  pages        = {10-18},
  volume       = {5},
}

@Misc{Tid02a,
  author = {J Tidwell},
  date   = {2002},
  title  = {IU Patterns and Techniques},
}

@Misc{Til93a,
  author   = {G Tillmann},
  date     = {1993},
  title    = {A Practical Guide to Logical Data Modeling},
  location = {McGraw-Hill},
}

@Article{Til00a,
  author    = {H Tillman},
  date      = {2000},
  title     = {Evaluating Quality on the Net},
  booktitle = {Babson College},
}

@Misc{Tog01a,
  author = {B Tog01] Tognozzi},
  date   = {2001},
  title  = {“First Principles},
}

@Article{Tra95a,
  author       = {W Tracz},
  date         = {1995},
  journaltitle = {ACMSoftware Engineering Notes},
  number       = {2},
  pages        = {21-22},
  volume       = {20},
}

@Misc{Tri03a,
  author    = {R Trivedi and Professional Web Services and null Security},
  date      = {2003},
  publisher = {Wrox Press},
}

@Misc{Tri05a,
  author    = {R Tricker and B Sherring-Lucas},
  date      = {2005},
  location  = {Brief},
  publisher = {Butterworth-Heinemann},
  volume    = {9001},
}

@Article{Tyr05a,
  author       = {J Tyree and A Akerman},
  date         = {2005-03},
  journaltitle = {IEEESoftware},
  title        = {Architectural Decisions: Demystifying Architecture},
  number       = {2},
  volume       = {22},
}

@Article{Uem99a,
  author       = {T Uemura and S Kusumoto and K Inoue},
  date         = {1999},
  journaltitle = {IEEE},
  title        = {A Function Point Measurement Tool for UMLDesign Specifications},
  pages        = {62-69},
}

@Misc{Ull02a,
  author    = {E Ullman},
  date      = {2002},
  title     = {Close to the Machine: Technophilia and Its Discontents},
  publisher = {City Lights Books},
}

@Misc{The03a,
  author = {[ Uml03] The and Uml Café},
  date   = {2003},
  title  = {Customers Don’t Print Themselves},
}

@Misc{Uni03a,
  author = {Inc Unicode},
  date   = {2003},
  title  = {The Unicode Home Page},
}

@Article{Vac06a,
  author       = {[ Vac06 and ] Vacca and J null},
  date         = {2006},
  journaltitle = {Practical Internet Security},
  publisher    = {Springer},
}

@Article{Vle89a,
  author       = {T Van Vleck},
  date         = {1989},
  journaltitle = {ACM Software EngineeringNotes},
  title        = {Three Questions About Each Bug You Find},
  number       = {5},
  pages        = {62-63},
  volume       = {14},
}

@Article{Ste02a,
  author    = {M Van Steen and A Tanenbaum},
  date      = {2002},
  booktitle = {Distributed Systems: Principles and Paradigms},
  publisher = {Prentice Hall},
}

@Article{Ven03a,
  author       = {B Venners},
  date         = {2003},
  journaltitle = {ArtimaDeveloper},
  title        = {Design by Contract: A Conversation with Bertrand Meyer},
}

@Misc{Wal03a,
  author    = {D Wallace and I Raggett and J Aufgang},
  date      = {2003},
  title     = {Extreme Programming for Web Projects},
  publisher = {Addison-Wesley},
}

@Misc{War74a,
  author    = {J Warnier},
  date      = {1974},
  title     = {Logical Construction of Programs},
  publisher = {Van Nostrand-Reinhold},
}

@Misc{Web05a,
  author    = {S Weber},
  date      = {2005},
  title     = {The Success of Open Source},
  publisher = {Harvard University Press},
}

@Misc{Wei86a,
  author   = {G Weinberg},
  date     = {1986},
  title    = {On Becoming a Technical Leader},
  location = {Dorset House},
}

@Misc{Wel99a,
  author = {D Wells},
  date   = {1999},
  title  = {XP-Unit Tests},
}

@Misc{Whi97a,
  author    = {S Whitmire},
  date      = {1997},
  title     = {Object-Oriented Design Measurement},
  publisher = {Wiley},
}

@Misc{Wie02a,
  author    = {K Wiegers},
  date      = {2002},
  title     = {Peer Reviews in Software},
  publisher = {Addison-Wesley},
}

@Misc{Wie03a,
  author    = {K Wiegers},
  date      = {2003},
  title     = {Software Requirements},
  publisher = {Microsoft Press},
}

@Article{Wil93a,
  author       = {N Wilde and R Huitt},
  date         = {1993},
  journaltitle = {IEEE Software},
  title        = {Maintaining Object-Oriented Software},
  pages        = {75-80},
}

@Article{Wil97a,
  author       = {R Williams and J Walker and A Dorofee},
  date         = {1997},
  journaltitle = {IEEE Software},
  title        = {Putting Risk Management into Practice},
  pages        = {75-81},
}

@Article{Wil99a,
  author    = {T Wilkens},
  date      = {1999-01},
  title     = {Earned Value, Clear and Simple},
  pages     = {2},
  booktitle = {Primavera Systems},
}

@Article{Wil00a,
  author       = {L Williams and R Kessler},
  date         = {2000},
  journaltitle = {CACM},
  title        = {All I Really Need to Know about Pair Programming ILearned in Kindergarten},
  number       = {5},
  volume       = {43},
}

@Article{Wil05a,
  author       = {M Willoughby},
  date         = {2005},
  journaltitle = {Computerworld},
  title        = {Q&A: Quality Software Means More Secure Software},
}

@Article{Win90a,
  author       = {J Wing},
  date         = {1990},
  journaltitle = {IEEE Computer},
  title        = {A Specifier’s Introduction to Formal Methods},
  number       = {9},
  pages        = {8-24},
  volume       = {23},
}

@Article{Wir71a,
  author       = {N Wirth},
  date         = {1971},
  journaltitle = {CACM},
  title        = {Program Development by Stepwise Refinement},
  number       = {4},
  pages        = {221-227},
  volume       = {14},
}

@Misc{Wir90a,
  author    = {R Wirfs-Brock and B Wilkerson and L Weiner},
  date      = {1990},
  title     = {Designing Object-Oriented Software},
  publisher = {Prentice Hall},
}

@Article{Woh94a,
  author       = {C Wohlin and P Runeson},
  date         = {1994},
  journaltitle = {IEEE Trans.Software Engineering},
  title        = {Certification of Software Components},
  number       = {6},
  pages        = {494-499},
  volume       = {20},
}

@Article{Yac03a,
  author    = {S Yacoub},
  date      = {2003},
  booktitle = {Pattern-Oriented Analysis and Design},
  publisher = {Addison-Wesley},
}

@Misc{You75a,
  author    = {E Yourdon},
  date      = {1975},
  title     = {Techniques of Program Structure and Design},
  publisher = {Prentice Hall},
}

@Article{You79a,
  author    = {E Yourdon and L Constantine},
  date      = {1979},
  booktitle = {Structured Design},
  publisher = {Prentice Hall},
}

@Article{You95a,
  author       = {E Yourdon},
  date         = {1995},
  journaltitle = {IEEE Software},
  title        = {When Good Enough Is Best},
  number       = {3},
  pages        = {79-81},
  volume       = {12},
}

@Misc{You01a,
  author    = {R Young},
  date      = {2001},
  title     = {Effective Requirements Practices},
  publisher = {Addison-Wesley},
}

@Article{Zah90a,
  author       = {R Zahniser},
  date         = {1990-07},
  journaltitle = {American Programmer},
  title        = {Building Software in Groups},
  number       = {7-8},
  volume       = {3},
}
(year\s+=\s*{)\s*(\d{1,2})-\d{1,2}\s*(\d{4}\},)

@Misc{Zaha,
  author = {R Zahniser},
  title  = {Timeboxing for Top Team Performance,” Software Development, 31994},
  pages  = {35-38},
}

@Misc{Zha02a,
  author = {H Zhao},
  date   = {2002},
  title  = {Fitt’s Law: Modeling Movement Time in HCI},
}

@Misc{Zul92a,
  author    = {R Zultner},
  date      = {1992},
  title     = {Quality Function Deployment for Software: Satisfying Customers},
  pages     = {28-41},
  publisher = {AmericanProgrammer},
}

@Article{Zus90a,
  author    = {H Zuse},
  date      = {1990},
  booktitle = {Software Complexity: Measures and Methods, DeGruyter},
}

@Misc{Zus97a,
  author    = {H Zuse},
  date      = {1997},
  title     = {A Framework of Software Measurement},
  publisher = {DeGruyter},
}

@Article{Wir71,
  author       = {N Wirth},
  date         = {1971},
  journaltitle = {CACM},
  title        = {Program Development by Stepwise Refinement},
  number       = {4},
  pages        = {221-227},
  volume       = {14},
}

@Article{Ste74,
  author       = {W Stevens and G Myers and L Constantine},
  date         = {1974},
  journaltitle = {IBM Systems Journal},
  title        = {Structured Design},
  number       = {2},
  pages        = {115-139},
  volume       = {13},
}

@Online{AOS07,
  author = {AOSD.net(Aspect-Oriented Software Development)},
  date   = {2007},
  title  = {glossary},
  url    = {http://aosd.net/wiki/index.php?title=Glossary},
}

@Comment{jabref-meta: databaseType:biblatex;}

@Comment{jabref-meta: keypatterndefault:[auth3][shortyear];}
