% Encoding: UTF-8

@Article{McG91,
  author       = {R Mcglaughlin},
  date         = {1991},
  journaltitle = {Software Engineering Notes},
  title        = {Some Notes on Program Design},
  number       = {4},
  pages        = {53-54},
  volume       = {16},
}

@Article{Gra87,
  author    = {R Grady and D Caswell},
  date      = {1987},
  booktitle = {Software Metrics: Establishing a Company-Wide Program},
  publisher = {Prentice Hall},
}


@Article{Kru06,
  author       = {P Kruchten and H null},
  date         = {2006},
  journaltitle = {IEEE Software},
  title        = {Software Architectural” (special issue)},
  editor       = {Obbink, and J. Stafford},
  number       = {2},
  volume       = {23},
}

@Misc{Jac75,
  author    = {M Jackson},
  date      = {1975},
  title     = {Principles of Program Design},
  publisher = {Academic Press},
}

@Article{Sha95,
  author       = {M Shaw},
  date         = {1995},
  journaltitle = {IEEE Trans. Software Engineering},
  title        = {Abstractions for Software Architecture and Tools to Support Them},
  number       = {4},
  pages        = {314-335},
}

@Article{Gar95,
  author       = {D [gar95] Garlan and M Shaw},
  date         = {1995},
  journaltitle = {Advances inSoftware Engineering and Knowledge Engineering},
  title        = {An Introduction to Software Architecture},
  editor       = {I (V. Ambriola and G. Tortora},
  publisher    = {World Scientific Publishing Company},
}

@Article{Sha95b,
  author       = {M Shaw and D Garlan},
  date         = {1995},
  journaltitle = {Lecture Notes in Computer Science},
  title        = {Formulations and Formalisms in Software Architecture},
  volume       = {1000},
  publisher    = {Springer-Verlag},
}



@Article{App00,
  author       = {B Appleton},
  date = {2000},
  title        = {Patterns and Software: Essential Concepts and Terminology},
}


@Article{Dij82,
  author    = {E Dijksta},
  date      = {1982},
  title     = {On the Role of Scientific Thought},
  booktitle = {Selected Writings on Computing: A PersonalPerspective},
  publisher = {Springer-Verlag},
}

@Misc{Mye78,
  author    = {G Myers},
  date      = {1978},
  title     = {Composite Structured Design},
  publisher = {Van Nostrand},
}

@Book{Vy08,
  author    = {Nguyễn Văn Vỵ and Nguyễn Việt Hà},
  date      = {2008},
  title     = {Giáo trình Kỹ nghệ phần mềm},
  publisher = {NXB. Đại học Quốc Gia Hà Nội},
}

@Comment{jabref-meta: databaseType:biblatex;}

@Comment{jabref-meta: keypatterndefault:[auth3][shortyear];}
